

@article{2017-fault-tolerant-computation,
  author  = "Campbell, Earl T. and Terhal, Barbara M. and Vuillot, Christophe",
  title   = "Roads towards fault-tolerant universal quantum computation",
  year    = "2017",
  journal = "Nature",
  volume  = "549",
  number  = "7671",
  pages   = "172--179",
  doi     = "10.1038/nature23460",
  
}

@article{2017-insight,
  author  = "Mueck, Leonie",
  title   = "Quantum software",
  year    = "2017",
  journal = "Nature",
  volume  = "549",
  number  = "7671",
  pages   = "171--171",
  doi     = "10.1038/549171a",
  
}

@article{2017-quantum-programming-language,
  author  = "Chong, Frederic T. and Franklin, Diana and Martonosi, Margaret",
  title   = "Programming languages and compiler design for realistic quantum hardware",
  year    = "2017",
  journal = "Nature",
  volume  = "549",
  number  = "7671",
  pages   = "180--187",
  doi     = "10.1038/nature23459",
  
}

@article{2017-rigetti-quantum-software,
  author  = "Zeng, Will and Johnson, Blake and Smith, Robert and Rubin, Nick and Reagor, Matt and Ryan, Colm and Rigetti, Chad",
  title   = "First quantum computers need smart software",
  year    = "2017",
  journal = "Nature",
  volume  = "549",
  number  = "7671",
  pages   = "149--151",
  doi     = "10.1038/549149a",
  
}

@article{2017-tunable,
  author  = "Sete, Eyob A. and Reagor, Matthew J. and Didier, Nicolas and Rigetti, Chad T.",
  title   = "Charge- and Flux-Insensitive Tunable Superconducting Qubit",
  year    = "2017",
  journal = "Physical Review Applied",
  volume  = "8",
  number  = "2",
  pages   = "",
  doi     = "10.1103/PhysRevApplied.8.024004",
  
}

@unpublished{2017-multi-qubit,
  author  = "Reagor, M. and Osborn, C. B. and Tezak, N. and Staley, A. and Prawiroatmodjo, G. and Scheer, M. and Alidoust, N. and Sete, E. A. and Didier, N. and Silva, M. P. da and Acala, E. and Angeles, J. and Bestwick, A. and Block, M. and Bloom, B. and Bradley, A. and Bui, C. and Caldwell, S. and Capelluto, L. and Chilcott, R. and Cordova, J. and Crossman, G. and Curtis, M. and Deshpande, S. and Bouayadi, T. El and Girshovich, D. and Hong, S. and Hudson, A. and Karalekas, P. and Kuang, K. and Lenihan, M. and Manenti, R. and Manning, T. and Marshall, J. and Mohan, Y. and O'Brien, W. and Otterbach, J. and Papageorge, A. and Paquette, J. -P. and Pelstring, M. and Polloreno, A. and Rawat, V. and Ryan, C. A. and Renzas, R. and Rubin, N. and Russell, D. and Rust, M. and Scarabelli, D. and Selvanayagam, M. and Sinclair, R. and Smith, R. and Suska, M. and To, T. -W. and Vahidpour, M. and Vodrahalli, N. and Whyland, T. and Yadav, K. and Zeng, W. and Rigetti, C. T.",
  title   = "Demonstration of Universal Parametric Entangling Gates on a Multi-Qubit
  Lattice",
  year    = "2017",
  
  volume  = "",
  number  = "",
  pages   = "",
  doi     = "",
  note    = "arXiv:1706.06570",
}

@article{2017-baker-antibody-design,
  author  = "Strauch, Eva-Maria and Bernard, Steffen M and La, David and Bohn, Alan J and Lee, Peter S and Anderson, Caitlin E and Nieusma, Travis and Holstein, Carly A and Garcia, Natalie K and Hooper, Kathryn A and Ravichandran, Rashmi and Nelson, Jorgen W and Sheffler, William and Bloom, Jesse D and Lee, Kelly K and Ward, Andrew B and Yager, Paul and Fuller, Deborah H and Wilson, Ian A and Baker, David",
  title   = "Computational design of trimeric influenza-neutralizing proteins targeting the hemagglutinin receptor binding site",
  year    = "2017",
  journal = "Nat. Biotechnol.",
  volume  = "35",
  number  = "7",
  pages   = "667--671",
  doi     = "10.1038/nbt.3907",
  
}

@article{2017-tica-metadynamics,
  author  = "M. Sultan, Mohammad and Pande, Vijay S.",
  title   = "{tICA}-Metadynamics: Accelerating Metadynamics by Using Kinetically Selected Collective Variables",
  year    = "2017",
  journal = "J. Chem. Theory Comput.",
  volume  = "13",
  number  = "6",
  pages   = "2440--2447",
  doi     = "10.1021/acs.jctc.7b00182",
  
}

@article{2016-noe-reversible-tica,
  author  = "Wu, Hao and N{\"u}ske, Feliks and Paul, Fabian and Klus, Stefan and Koltai, P{\'e}ter and No{\'e}, Frank",
  title   = "Variational Koopman models: Slow collective variables and molecular kinetics from short off-equilibrium simulations",
  year    = "2017",
  journal = "J. Chem. Phys.",
  volume  = "146",
  number  = "15",
  pages   = "154104",
  doi     = "10.1063/1.4979344",
  note    = "arXiv:1610.06773",
}

@unpublished{2017-deep-lift,
  author  = "Shrikumar, Avanti and Greenside, Peyton and Kundaje, Anshul",
  title   = "Learning Important Features Through Propagating Activation Differences",
  year    = "2017",
  
  volume  = "",
  number  = "",
  pages   = "",
  doi     = "",
  note    = "arXiv:1704.02685",
}

@article{2017-amber15fb,
  author  = "Wang, Lee-Ping and McKiernan, Keri A. and Gomes, Joseph and Beauchamp, Kyle A. and Head-Gordon, Teresa and Rice, Julia E. and Swope, William C. and Mart{\'\i}nez, Todd J. and Pande, Vijay S.",
  title   = "Building a More Predictive Protein Force Field: A Systematic and Reproducible Route to {AMBER}-{FB15}",
  year    = "2017",
  journal = "J. Phys. Chem. B",
  volume  = "121",
  number  = "16",
  pages   = "4023--4039",
  doi     = "10.1021/acs.jpcb.7b02320",
  
}

@article{2016-trek2,
  author  = "Harrigan, Matthew P. and McKiernan, Keri A. and Shanmugasundaram, Veerabahu and Denny, Rajiah Aldrin and Pande, Vijay S.",
  title   = "Markov modeling reveals novel intracellular modulation of the human {TREK}-2 selectivity filter",
  year    = "2017",
  journal = "Sci. Rep.",
  volume  = "7",
  number  = "1",
  pages   = "",
  doi     = "10.1038/s41598-017-00256-y",
  
}

@article{2017-herg-structure,
  author  = "Wang, Weiwei and MacKinnon, Roderick",
  title   = "Cryo-{EM} Structure of the Open Human  Ether-{\`a}-go-go -Related K +  Channel {hERG}",
  year    = "2017",
  journal = "Cell",
  volume  = "169",
  number  = "3",
  pages   = "422--430.e10",
  doi     = "10.1016/j.cell.2017.03.048",
  
}

@article{2017-set-free-msm,
  author  = "Weber, Marcus and Fackeldey, Konstantin and Sch{\"u}tte, Christof",
  title   = "Set-free Markov state model building",
  year    = "2017",
  journal = "J. Chem. Phys.",
  volume  = "146",
  number  = "12",
  pages   = "124133",
  doi     = "10.1063/1.4978501",
  
}

@article{2017-navab,
  author  = "Lenaeus, Michael J. and Gamal El-Din, Tamer M. and Ing, Christopher and Ramanadane, Karthik and Pom{\`e}s, R{\'e}gis and Zheng, Ning and Catterall, William A.",
  title   = "Structures of closed and open states of a voltage-gated sodium channel",
  year    = "2017",
  journal = "Proc. Natl. Acad. Sci. U.S.A.",
  volume  = "114",
  number  = "15",
  pages   = "E3051--E3060",
  doi     = "10.1073/pnas.1700761114",
  
}

@article{2017-open-full-navms,
  author  = "Sula, Altin and Booker, Jennifer and Ng, Leo C. T. and Naylor, Claire E. and DeCaen, Paul G. and Wallace, B. A.",
  title   = "The complete structure of an activated open sodium channel",
  year    = "2017",
  journal = "Nat. Commun.",
  volume  = "8",
  number  = "",
  pages   = "14205",
  doi     = "10.1038/ncomms14205",
  
}

@article{2017-euk-navpas,
  author  = "Shen, Huaizong and Zhou, Qiang and Pan, Xiaojing and Li, Zhangqiang and Wu, Jianping and Yan, Nieng",
  title   = "Structure of a eukaryotic voltage-gated sodium channel at near-atomic resolution",
  year    = "2017",
  journal = "Science",
  volume  = "355",
  number  = "6328",
  pages   = "eaal4326",
  doi     = "10.1126/science.aal4326",
  
}

@article{2017-vsd-only-pmf,
  author  = "Sun, Rui-Ning and Gong, Haipeng",
  title   = "Simulating the Activation of Voltage Sensing Domain for a Voltage-Gated Sodium Channel Using Polarizable Force Field",
  year    = "2017",
  journal = "J. Phys. Chem. Lett.",
  volume  = "8",
  number  = "5",
  pages   = "901--908",
  doi     = "10.1021/acs.jpclett.7b00023",
  
}

@article{2016-sparsetica,
  author  = "McGibbon, Robert T. and Husic, Brooke E. and Pande, Vijay S.",
  title   = "Identification of simple reaction coordinates from complex dynamics",
  year    = "2017",
  journal = "J. Chem. Phys.",
  volume  = "146",
  number  = "4",
  pages   = "044109",
  doi     = "10.1063/1.4974306",
  note    = "arXiv:1602.08776",
}

@article{2016-msmbuilder3,
  author  = "Harrigan, Matthew P. and Sultan, Mohammad M. and Hern{\'a}ndez, Carlos X. and Husic, Brooke E. and Eastman, Peter and Schwantes, Christian R. and Beauchamp, Kyle A. and McGibbon, Robert T. and Pande, Vijay S.",
  title   = "{MSMBuilder:} Statistical Models for Biomolecular Dynamics",
  year    = "2017",
  journal = "Biophys. J.",
  volume  = "112",
  number  = "1",
  pages   = "10--15",
  doi     = "10.1016/j.bpj.2016.10.042",
  
}

@article{2016-husic-msms,
  author  = "Husic, Brooke E. and McGibbon, Robert T. and Sultan, Mohammad M. and Pande, Vijay S.",
  title   = "Optimized parameter selection reveals trends in Markov state models for protein folding",
  year    = "2016",
  journal = "J. Chem. Phys.",
  volume  = "145",
  number  = "19",
  pages   = "194103",
  doi     = "10.1063/1.4967809",
  
}

@article{2016-commute-maps,
  author  = "No{\'e}, Frank and Banisch, Ralf and Clementi, Cecilia",
  title   = "Commute Maps: Separating Slowly Mixing Molecular Configurations for Kinetic Modeling",
  year    = "2016",
  journal = "J. Chem. Theory Comput.",
  volume  = "12",
  number  = "11",
  pages   = "5620--5630",
  doi     = "10.1021/acs.jctc.6b00762",
  
}

@article{2016-neural-computers,
  author  = "Graves, Alex and Wayne, Greg and Reynolds, Malcolm and Harley, Tim and Danihelka, Ivo and Grabska-Barwi≈Ñska, Agnieszka and Colmenarejo, Sergio G{\'o}mez and Grefenstette, Edward and Ramalho, Tiago and Agapiou, John and Badia, Adri{\`a} Puigdom{\`e}nech and Hermann, Karl Moritz and Zwols, Yori and Ostrovski, Georg and Cain, Adam and King, Helen and Summerfield, Christopher and Blunsom, Phil and Kavukcuoglu, Koray and Hassabis, Demis",
  title   = "Hybrid computing using a neural network with dynamic external memory",
  year    = "2016",
  journal = "Nature",
  volume  = "538",
  number  = "7626",
  pages   = "471--476",
  doi     = "10.1038/nature20101",
  
}

@unpublished{2016-aspuru-mol-feat,
  author  = "G{\'o}mez-Bombarelli, Rafael and Duvenaud, David and Hern{\'a}ndez-Lobato, Jos{\'e} Miguel and Aguilera-Iparraguirre, Jorge and Hirzel, Timothy D. and Adams, Ryan P. and Aspuru-Guzik, Al{\'a}n",
  title   = "Automatic chemical design using a data-driven continuous representation
  of molecules",
  year    = "2016",
  
  volume  = "",
  number  = "",
  pages   = "",
  doi     = "",
  note    = "arXiv:1610.02415",
}

@article{2016-msm-cryptic-binding,
  author  = "Hart, Kathryn M. and Ho, Chris M. W. and Dutta, Supratik and Gross, Michael L. and Bowman, Gregory R.",
  title   = "Modelling proteins{'} hidden conformations to predict antibiotic resistance",
  year    = "2016",
  journal = "Nat. Commun.",
  volume  = "7",
  number  = "",
  pages   = "12965",
  doi     = "10.1038/ncomms12965",
  
}

@proceedings-article{2016-scalable,
  author  = "Sete, Eyob A. and Zeng, William J. and Rigetti, Chad T.",
  title   = "A functional architecture for scalable quantum computing",
  year    = "2016",
  journal = "2016 IEEE International Conference on Rebooting Computing (ICRC)",
  volume  = "",
  number  = "",
  pages   = "",
  doi     = "10.1109/ICRC.2016.7738703",
  
}

@article{2016-quantum-ml,
  author  = "Dunjko, Vedran and Taylor, Jacob M. and Briegel, Hans J.",
  title   = "Quantum-Enhanced Machine Learning",
  year    = "2016",
  journal = "Phys. Rev. Lett.",
  volume  = "117",
  number  = "13",
  pages   = "",
  doi     = "10.1103/PhysRevLett.117.130501",
  
}

@article{2016-mbar-volumes,
  author  = "Martiniani, Stefano and Schrenk, K. Julian and Stevenson, Jacob D. and Wales, David J. and Frenkel, Daan",
  title   = "Structural analysis of high-dimensional basins of attraction",
  year    = "2016",
  journal = "Phys. Rev. E",
  volume  = "94",
  number  = "3",
  pages   = "",
  doi     = "10.1103/PhysRevE.94.031301",
  
}

@article{2016-osprey,
  author  = "T. McGibbon, Robert and X. Hern{\'a}ndez, Carlos and P. Harrigan, Matthew and Kearnes, Steven and M. Sultan, Mohammad and Jastrzebski, Stanislaw and E. Husic, Brooke and S. Pande, Vijay",
  title   = "Osprey: Hyperparameter Optimization for Machine Learning",
  year    = "2016",
  journal = "The Journal of Open Source Software",
  volume  = "1",
  number  = "5",
  pages   = "",
  doi     = "10.21105/joss.00034",
  
}

@unpublished{2016-guttenberg-deep-slow,
  author  = "Guttenberg, Nicholas and Biehl, Martin and Kanai, Ryota",
  title   = "Neural Coarse-Graining: Extracting slowly-varying latent degrees of
  freedom with neural networks",
  year    = "2016",
  
  volume  = "",
  number  = "",
  pages   = "",
  doi     = "",
  note    = "arXiv:1609.00116",
}

@article{2016-kratochvil-soft-knock,
  author  = "Kratochvil, Huong T. and Carr, Joshua K. and Matulef, Kimberly and Annen, Alvin W. and Li, Hui and Maj, Micha≈Ç and Ostmeyer, Jared and Serrano, Arnaldo L. and Raghuraman, H. and Moran, Sean D. and Skinner, J. L. and Perozo, Eduardo and Roux, Beno{\^\i}t and Valiyaveetil, Francis I. and Zanni, Martin T.",
  title   = "Instantaneous ion configurations in the K+ion channel selectivity filter revealed by {2D} {IR} spectroscopy",
  year    = "2016",
  journal = "Science",
  volume  = "353",
  number  = "6303",
  pages   = "1040--1044",
  doi     = "10.1126/science.aag1447",
  
}

@article{2016-cav-structure,
  author  = "Wu, Jianping and Yan, Zhen and Li, Zhangqiang and Qian, Xingyang and Lu, Shan and Dong, Mengqiu and Zhou, Qiang and Yan, Nieng",
  title   = "Structure of the voltage-gated calcium channel Cav1.1 at 3.6‚Äâ{{{\AA}}} resolution",
  year    = "2016",
  journal = "Nature",
  volume  = "537",
  number  = "7619",
  pages   = "191--196",
  doi     = "10.1038/nature19321",
  
}

@unpublished{2016-quil,
  author  = "Smith, Robert S. and Curtis, Michael J. and Zeng, William J.",
  title   = "A Practical Quantum Instruction Set Architecture",
  year    = "2016",
  
  volume  = "",
  number  = "",
  pages   = "",
  doi     = "",
  note    = "arXiv:1608.03355",
}

@article{2016-btx-insect,
  author  = "Zhang, Yongqiang and Du, Yuzhe and Jiang, Dingxin and Behnke, Caitlyn and Nomura, Yoshiko and Zhorov, Boris S. and Dong, Ke",
  title   = "The Receptor Site and Mechanism of Action of Sodium Channel Blocker Insecticides",
  year    = "2016",
  journal = "J. Biol. Chem.",
  volume  = "291",
  number  = "38",
  pages   = "20113--20124",
  doi     = "10.1074/jbc.M116.742056",
  
}

@article{2016-h2-vqe,
  author  = "O{'}Malley, P.‚ÄâJ.‚ÄâJ. and Babbush, R. and Kivlichan, I.‚ÄâD. and Romero, J. and McClean, J.‚ÄâR. and Barends, R. and Kelly, J. and Roushan, P. and Tranter, A. and Ding, N. and Campbell, B. and Chen, Y. and Chen, Z. and Chiaro, B. and Dunsworth, A. and Fowler, A.‚ÄâG. and Jeffrey, E. and Lucero, E. and Megrant, A. and Mutus, J.‚ÄâY. and Neeley, M. and Neill, C. and Quintana, C. and Sank, D. and Vainsencher, A. and Wenner, J. and White, T.‚ÄâC. and Coveney, P.‚ÄâV. and Love, P.‚ÄâJ. and Neven, H. and Aspuru-Guzik, A. and Martinis, J.‚ÄâM.",
  title   = "Scalable Quantum Simulation of Molecular Energies",
  year    = "2016",
  journal = "Physical Review X",
  volume  = "6",
  number  = "3",
  pages   = "",
  doi     = "10.1103/PhysRevX.6.031007",
  
}

@article{2015-ensembler,
  author  = "Parton, Daniel L. and Grinaway, Patrick B. and Hanson, Sonya M. and Beauchamp, Kyle A. and Chodera, John D.",
  title   = "Ensembler: Enabling High-Throughput Molecular Simulations at the Superfamily Scale",
  year    = "2016",
  journal = "PLoS Comput. Biol.",
  volume  = "12",
  number  = "6",
  pages   = "e1004728",
  doi     = "10.1371/journal.pcbi.1004728",
  
}

@article{mcclenaghan2016polymodal,
  author  = "McClenaghan, Conor and Schewe, Marcus and Aryal, Prafulla and Carpenter, Elisabeth P. and Baukrowitz, Thomas and Tucker, Stephen J.",
  title   = "Polymodal activation of the {TREK}-2 {K2P} channel produces structurally distinct open states",
  year    = "2016",
  journal = "J. Gen. Physiol.",
  volume  = "147",
  number  = "6",
  pages   = "497--505",
  doi     = "10.1085/jgp.201611601",
  
}

@unpublished{2016-tensorflow,
  author  = "Abadi, Mart{\'\i}n and Barham, Paul and Chen, Jianmin and Chen, Zhifeng and Davis, Andy and Dean, Jeffrey and Devin, Matthieu and Ghemawat, Sanjay and Irving, Geoffrey and Isard, Michael and Kudlur, Manjunath and Levenberg, Josh and Monga, Rajat and Moore, Sherry and Murray, Derek G. and Steiner, Benoit and Tucker, Paul and Vasudevan, Vijay and Warden, Pete and Wicke, Martin and Yu, Yuan and Zheng, Xiaoqiang",
  title   = "{TensorFlow:} A system for large-scale machine learning",
  year    = "2016",
  
  volume  = "",
  number  = "",
  pages   = "",
  doi     = "",
  note    = "arXiv:1605.08695",
}

@article{2016-melcr-membrane-compare,
  author  = "Melcr, Josef and Bonhenry, Daniel and Timr, ≈†tƒõp{\'a}n and Jungwirth, Pavel",
  title   = "Transmembrane Potential Modeling: Comparison between Methods of Constant Electric Field and Ion Imbalance",
  year    = "2016",
  journal = "J. Chem. Theory Comput.",
  volume  = "12",
  number  = "5",
  pages   = "2418--2425",
  doi     = "10.1021/acs.jctc.5b01202",
  
}

@article{2016-htmd,
  author  = "Doerr, S. and Harvey, M. J. and No{\'e}, Frank and De Fabritiis, G.",
  title   = "{HTMD:} High-Throughput Molecular Dynamics for Molecular Discovery",
  year    = "2016",
  journal = "J. Chem. Theory Comput.",
  volume  = "12",
  number  = "4",
  pages   = "1845--1852",
  doi     = "10.1021/acs.jctc.6b00049",
  
}

@article{2016-schwantes-nug2,
  author  = "Schwantes, Christian~R. and Shukla, Diwakar and Pande, Vijay~S.",
  title   = "Markov State Models and {tICA} Reveal a Nonnative Folding Nucleus in Simulations of {NuG2}",
  year    = "2016",
  journal = "Biophys. J.",
  volume  = "110",
  number  = "8",
  pages   = "1716--1719",
  doi     = "10.1016/j.bpj.2016.03.026",
  
}

@phdthesis{2016-mcgibbon-thesis,
  author  = "McGibbon, Robert",
  title   = "Statistical models of protein conformational dynamics",
  year    = "2016",
  
  volume  = "",
  number  = "",
  pages   = "",
  doi     = "",
  
}

@article{ren2016allosteric,
  author  = "Zhuo, Ren-Gong and Peng, Peng and Liu, Xiao-Yan and Yan, Hai-Tao and Xu, Jiang-Ping and Zheng, Jian-Quan and Wei, Xiao-Li and Ma, Xiao-Yun",
  title   = "Allosteric coupling between proximal C-terminus and selectivity filter is facilitated by the movement of transmembrane segment 4 in {TREK}-2 channel",
  year    = "2016",
  journal = "Sci. Rep.",
  volume  = "6",
  number  = "1",
  pages   = "",
  doi     = "10.1038/srep21248",
  
}

@misc{2016-mcgibbon-notes,
  author  = "McGibbon, Robert",
  title   = "Notes on the Theory of Markov Chains in a Continuous State Space",
  year    = "2016",
  
  volume  = "",
  number  = "",
  pages   = "",
  doi     = "",
  
}

@article{schewe2016non,
  author  = "Schewe, Marcus and Nematian-Ardestani, Ehsan and Sun, Han and Musinszki, Marianne and Cordeiro, S{\"o}nke and Bucci, Giovanna and de~Groot, Bert~L. and Tucker, Stephen~J. and Rapedius, Markus and Baukrowitz, Thomas",
  title   = "A Non-canonical Voltage-Sensing Mechanism Controls Gating in {K2P} K+ Channels",
  year    = "2016",
  journal = "Cell",
  volume  = "164",
  number  = "5",
  pages   = "937--949",
  doi     = "10.1016/j.cell.2016.02.002",
  
}

@article{2016-btx-frogs,
  author  = "Tarvin, Rebecca D. and Santos, Juan C. and O'Connell, Lauren A. and Zakon, Harold H. and Cannatella, David C.",
  title   = "Convergent Substitutions in a Sodium Channel Suggest Multiple Origins of Toxin Resistance in Poison Frogs",
  year    = "2016",
  journal = "Mol. Biol. Evol.",
  volume  = "33",
  number  = "4",
  pages   = "1068--1081",
  doi     = "10.1093/molbev/msv350",
  
}

@article{2016-charmm-gui,
  author  = "Lee, Jumin and Cheng, Xi and Swails, Jason M. and Yeom, Min Sun and Eastman, Peter K. and Lemkul, Justin A. and Wei, Shuai and Buckner, Joshua and Jeong, Jong Cheol and Qi, Yifei and Jo, Sunhwan and Pande, Vijay S. and Case, David A. and Brooks, Charles L. and MacKerell, Alexander D. and Klauda, Jeffery B. and Im, Wonpil",
  title   = "{CHARMM}-{GUI} Input Generator for {NAMD,} {GROMACS,} {AMBER,} {OpenMM,} and {CHARMM/OpenMM} Simulations Using the {CHARMM36} Additive Force Field",
  year    = "2016",
  journal = "J. Chem. Theory Comput.",
  volume  = "12",
  number  = "1",
  pages   = "405--413",
  doi     = "10.1021/acs.jctc.5b00935",
  
}

@article{2015-cav-structure,
  author  = "Wu, J. and Yan, Z. and Li, Z. and Yan, C. and Lu, S. and Dong, M. and Yan, N.",
  title   = "Structure of the voltage-gated calcium channel Cav1.1 complex",
  year    = "2015",
  journal = "Science",
  volume  = "350",
  number  = "6267",
  pages   = "aad2395--aad2395",
  doi     = "10.1126/science.aad2395",
  
}

@unpublished{arxiv:1511.06349,
  author  = "Bowman, Samuel R. and Vilnis, Luke and Vinyals, Oriol and Dai, Andrew M. and Jozefowicz, Rafal and Bengio, Samy",
  title   = "Generating Sentences from a Continuous Space",
  year    = "2015",
  
  volume  = "",
  number  = "",
  pages   = "",
  doi     = "",
  note    = "arXiv:1511.06349",
}

@article{2015-pyemma,
  author  = "Scherer, Martin K. and Trendelkamp-Schroer, Benjamin and Paul, Fabian and P{\'e}rez-Hern{\'a}ndez, Guillermo and Hoffmann, Moritz and Plattner, Nuria and Wehmeyer, Christoph and Prinz, Jan-Hendrik and No{\'e}, Frank",
  title   = "{PyEMMA} 2: A Software Package for Estimation, Validation, and Analysis of Markov Models",
  year    = "2015",
  journal = "J. Chem. Theory Comput.",
  volume  = "11",
  number  = "11",
  pages   = "5525--5542",
  doi     = "10.1021/acs.jctc.5b00743",
  
}

@article{2015-uncertainty-estimation,
  author  = "Trendelkamp-Schroer, Benjamin and Wu, Hao and Paul, Fabian and No{\'e}, Frank",
  title   = "Estimation and uncertainty of reversible Markov models",
  year    = "2015",
  journal = "J. Chem. Phys.",
  volume  = "143",
  number  = "17",
  pages   = "174101",
  doi     = "10.1063/1.4934536",
  
}

@article{2015-mdtraj,
  author  = "McGibbon, Robert~T. and Beauchamp, Kyle~A. and Harrigan, Matthew~P. and Klein, Christoph and Swails, Jason~M. and Hern{\'a}ndez, Carlos~X. and Schwantes, Christian~R. and Wang, Lee-Ping and Lane, Thomas~J. and Pande, Vijay~S.",
  title   = "{MDTraj:} A Modern Open Library for the Analysis of Molecular Dynamics Trajectories",
  year    = "2015",
  journal = "Biophys. J.",
  volume  = "109",
  number  = "8",
  pages   = "1528--1532",
  doi     = "10.1016/j.bpj.2015.08.015",
  
}

@article{2015-amino-acid-basis,
  author  = "Vitalini, F. and No{\'e}, F. and Keller, B. G.",
  title   = "A Basis Set for Peptides for the Variational Approach to Conformational Kinetics",
  year    = "2015",
  journal = "J. Chem. Theory Comput.",
  volume  = "11",
  number  = "9",
  pages   = "3992--4004",
  doi     = "10.1021/acs.jctc.5b00498",
  
}

@article{2015-gromacs,
  author  = "Abraham, Mark James and Murtola, Teemu and Schulz, Roland and P{\'a}ll, Szil{\'a}rd and Smith, Jeremy C. and Hess, Berk and Lindahl, Erik",
  title   = "{GROMACS:} High performance molecular simulations through multi-level parallelism from laptops to supercomputers",
  year    = "2015",
  journal = "SoftwareX",
  volume  = "1-2",
  number  = "",
  pages   = "19--25",
  doi     = "10.1016/j.softx.2015.06.001",
  
}

@article{2015-quipper,
  author  = "Valiron, Beno{\^\i}t and Ross, Neil J. and Selinger, Peter and Alexander, D. Scott and Smith, Jonathan M.",
  title   = "Programming the quantum future",
  year    = "2015",
  journal = "Commun. ACM",
  volume  = "58",
  number  = "8",
  pages   = "52--61",
  doi     = "10.1145/2699415",
  
}

@article{2015-ratematrix,
  author  = "McGibbon, Robert T. and Pande, Vijay S.",
  title   = "Efficient maximum likelihood parameterization of continuous-time Markov processes",
  year    = "2015",
  journal = "J. Chem. Phys.",
  volume  = "143",
  number  = "3",
  pages   = "034109",
  doi     = "10.1063/1.4926516",
  
}

@article{2015-schutte-msm,
  author  = "Sch{\"u}tte, Ch. and Sarich, M.",
  title   = "A critical appraisal of Markov state models",
  year    = "2015",
  journal = "The European Physical Journal Special Topics",
  volume  = "224",
  number  = "12",
  pages   = "2445--2462",
  doi     = "10.1140/epjst/e2015-02421-0",
  
}

@unpublished{2015-kinetic-mapping,
  author  = "Noe, Frank and Clementi, Cecilia",
  title   = "Kinetic distance and kinetic maps from molecular dynamics simulation",
  year    = "2015",
  
  volume  = "",
  number  = "",
  pages   = "",
  doi     = "",
  note    = "arXiv:1506.06259",
}

@phdthesis{2015-schwantes-thesis,
  author  = "Schwantes, Christian",
  title   = "Automated construction of order parameters for analyzing simulations of protein folding and water dynamics",
  year    = "2015",
  
  volume  = "",
  number  = "",
  pages   = "",
  doi     = "",
  
}

@article{2015-mcgibbon-gmrq,
  author  = "McGibbon, Robert T. and Pande, Vijay S.",
  title   = "Variational cross-validation of slow dynamical modes in molecular kinetics",
  year    = "2015",
  journal = "J. Chem. Phys.",
  volume  = "142",
  number  = "12",
  pages   = "124105",
  doi     = "10.1063/1.4916292",
  
}

@article{2015-carpenter-structures,
  author  = "Dong, Y. Y. and Pike, A. C. W. and Mackenzie, A. and McClenaghan, C. and Aryal, P. and Dong, L. and Quigley, A. and Grieben, M. and Goubin, S. and Mukhopadhyay, S. and Ruda, G. F. and Clausen, M. V. and Cao, L. and Brennan, P. E. and Burgess-Brown, N. A. and Sansom, M. S. P. and Tucker, S. J. and Carpenter, E. P.",
  title   = "{K2P} channel gating mechanisms revealed by structures of {TREK}-2 and a complex with Prozac",
  year    = "2015",
  journal = "Science",
  volume  = "347",
  number  = "6227",
  pages   = "1256--1259",
  doi     = "10.1126/science.1261512",
  
}

@article{2015-wetmsm,
  author  = "Harrigan, Matthew P. and Shukla, Diwakar and Pande, Vijay S.",
  title   = "Conserve Water: A Method for the Analysis of Solvent in Molecular Dynamics",
  year    = "2015",
  journal = "J. Chem. Theory Comput.",
  volume  = "11",
  number  = "3",
  pages   = "1094--1101",
  doi     = "10.1021/ct5010017",
  
}

@article{2015-gaussian-msms,
  author  = "Wu, Hao and No{\'e}, Frank",
  title   = "Gaussian Markov transition models of molecular kinetics",
  year    = "2015",
  journal = "J. Chem. Phys.",
  volume  = "142",
  number  = "8",
  pages   = "084104",
  doi     = "10.1063/1.4913214",
  
}

@article{2015-shukla-msm-review,
  author  = "Shukla, Diwakar and Hern{\'a}ndez, Carlos X. and Weber, Jeffrey K. and Pande, Vijay S.",
  title   = "Markov State Models Provide Insights into Dynamic Modulation of Protein Function",
  year    = "2015",
  journal = "Acc. Chem. Res.",
  volume  = "48",
  number  = "2",
  pages   = "414--422",
  doi     = "10.1021/ar5002999",
  
}

@article{2015-schwantes-ktica,
  author  = "Schwantes, Christian R. and Pande, Vijay S.",
  title   = "Modeling Molecular Kinetics with {tICA} and the Kernel Trick",
  year    = "2015",
  journal = "J. Chem. Theory Comput.",
  volume  = "11",
  number  = "2",
  pages   = "600--608",
  doi     = "10.1021/ct5007357",
  
}

@article{rapedius2012state,
  author  = "Rapedius, Markus and Schmidt, Matthias R. and Sharma, Chetan and Stansfeld, Phillip J. and Sansom, Mark S.P. and Baukrowitz, Thomas and Tucker, Stephen J.",
  title   = "State-independent intracellular access of quaternary ammonium blockers to the pore of {TREK}-1",
  year    = "2014",
  journal = "Channels",
  volume  = "6",
  number  = "6",
  pages   = "473--478",
  doi     = "10.4161/chan.22153",
  
}

@article{noel2011molecular,
  author  = "No{\"e}l, Jacques and Sandoz, Guillaume and Lesage, Florian",
  title   = "Molecular regulations governing {TREK} and {TRAAK} channel functions",
  year    = "2014",
  journal = "Channels",
  volume  = "5",
  number  = "5",
  pages   = "402--409",
  doi     = "10.4161/chan.5.5.16469",
  
}

@article{hummer2014potassium,
  author  = "Hummer, G.",
  title   = "Potassium ions line up",
  year    = "2014",
  journal = "Science",
  volume  = "346",
  number  = "6207",
  pages   = "303--303",
  doi     = "10.1126/science.1260555",
  
}

@article{2014-kopfer-hard-knock,
  author  = "Kopfer, D. A. and Song, C. and Gruene, T. and Sheldrick, G. M. and Zachariae, U. and de Groot, B. L.",
  title   = "Ion permeation in K+ channels occurs by direct Coulomb knock-on",
  year    = "2014",
  journal = "Science",
  volume  = "346",
  number  = "6207",
  pages   = "352--355",
  doi     = "10.1126/science.1254840",
  
}

@article{2014-msm-perspective,
  author  = "Schwantes, C. R. and McGibbon, R. T. and Pande, V. S.",
  title   = "Perspective: Markov models for long-timescale biomolecular dynamics",
  year    = "2014",
  journal = "J. Chem. Phys.",
  volume  = "141",
  number  = "9",
  pages   = "090901",
  doi     = "10.1063/1.4895044",
  
}

@article{aryal2014hydrophobic,
  author  = "Aryal, Prafulla and Abd-Wahab, Firdaus and Bucci, Giovanna and Sansom, Mark S. P. and Tucker, Stephen J.",
  title   = "A hydrophobic barrier deep within the inner pore of the {TWIK}-1 {K2P} potassium channel",
  year    = "2014",
  journal = "Nat. Commun.",
  volume  = "5",
  number  = "",
  pages   = "",
  doi     = "10.1038/ncomms5377",
  
}

@article{2014-mcgibbon-bic,
  author  = "McGibbon, Robert T. and Schwantes, Christian R. and Pande, Vijay S.",
  title   = "Statistical Model Selection for Markov Models of Biomolecular Dynamics",
  year    = "2014",
  journal = "J. Phys. Chem. B",
  volume  = "118",
  number  = "24",
  pages   = "6475--6481",
  doi     = "10.1021/jp411822r",
  
}

@article{2014-moore-coarsegrain,
  author  = "Moore, Timothy C. and Iacovella, Christopher R. and McCabe, Clare",
  title   = "Derivation of coarse-grained potentials via multistate iterative Boltzmann inversion",
  year    = "2014",
  journal = "J. Chem. Phys.",
  volume  = "140",
  number  = "22",
  pages   = "224104",
  doi     = "10.1063/1.4880555",
  
}

@unpublished{2014-ganguli-saddle-points,
  author  = "Dauphin, Yann and Pascanu, Razvan and Gulcehre, Caglar and Cho, Kyunghyun and Ganguli, Surya and Bengio, Yoshua",
  title   = "Identifying and attacking the saddle point problem in high-dimensional
  non-convex optimization",
  year    = "2014",
  
  volume  = "",
  number  = "",
  pages   = "",
  doi     = "",
  note    = "arXiv:1406.2572",
}

@article{perkett_using_2014,
  author  = "Perkett, Matthew R. and Hagan, Michael F.",
  title   = "Using Markov state models to study self-assembly",
  year    = "2014",
  journal = "J. Chem. Phys.",
  volume  = "140",
  number  = "21",
  pages   = "214101",
  doi     = "10.1063/1.4878494",
  
}

@article{2014-forcebalance,
  author  = "Wang, Lee-Ping and Martinez, Todd J. and Pande, Vijay S.",
  title   = "Building Force Fields: An Automatic, Systematic, and Reproducible Approach",
  year    = "2014",
  journal = "J. Phys. Chem. Lett.",
  volume  = "5",
  number  = "11",
  pages   = "1885--1891",
  doi     = "10.1021/jz500737m",
  
}

@misc{2014-fs-peptide,
  author  = "McGibbon, Robert",
  title   = "Fs {MD} Trajectories",
  year    = "2014",
  
  volume  = "",
  number  = "",
  pages   = "",
  doi     = "10.6084/m9.figshare.1030363.v1",
  
}

@article{faure_lipids_2014,
  author  = "Faure, {\'E}lise and Thompson, Christine and Blunck, Rikard",
  title   = "Do Lipids Show State-dependent Affinity to the Voltage-gated Potassium Channel {KvAP?}",
  year    = "2014",
  journal = "J. Biol. Chem.",
  volume  = "289",
  number  = "23",
  pages   = "16452--16461",
  doi     = "10.1074/jbc.M113.537134",
  
}

@article{2014-nuske-variational,
  author  = "N{\"u}ske, Feliks and Keller, Bettina G. and P{\'e}rez-Hern{\'a}ndez, Guillermo and Mey, Antonia S. J. S. and No{\'e}, Frank",
  title   = "Variational Approach to Molecular Kinetics",
  year    = "2014",
  journal = "J. Chem. Theory Comput.",
  volume  = "10",
  number  = "4",
  pages   = "1739--1752",
  doi     = "10.1021/ct4009156",
  
}

@article{2014-chodera-msm,
  author  = "Chodera, John D and No{\'e}, Frank",
  title   = "Markov state models of biomolecular conformational dynamics",
  year    = "2014",
  journal = "Curr. Opin. Struct. Biol.",
  volume  = "25",
  number  = "",
  pages   = "135--144",
  doi     = "10.1016/j.sbi.2014.04.002",
  
}

@article{2014-shukla-src-kinase,
  author  = "Shukla, Diwakar and Meng, Yilin and Roux, Beno{\^\i}t and Pande, Vijay S.",
  title   = "Activation pathway of Src kinase reveals intermediate states as targets for drug design",
  year    = "2014",
  journal = "Nat. Commun.",
  volume  = "5",
  number  = "",
  pages   = "",
  doi     = "10.1038/ncomms4397",
  
}

@article{baiz_molecular_2014,
  author  = "Baiz, Carlos~R. and Lin, Yu-Shan and Peng, Chunte~Sam and Beauchamp, Kyle~A. and Voelz, Vincent~A. and Pande, Vijay~S. and Tokmakoff, Andrei",
  title   = "A Molecular Interpretation of {2D} {IR} Protein Folding Experiments with Markov State Models",
  year    = "2014",
  journal = "Biophys. J.",
  volume  = "106",
  number  = "6",
  pages   = "1359--1370",
  doi     = "10.1016/j.bpj.2014.02.008",
  
}

@article{2014-prinz-rate,
  author  = "Prinz, Jan-Hendrik and Chodera, John D. and No{\'e}, Frank",
  title   = "Spectral Rate Theory for Two-State Kinetics",
  year    = "2014",
  journal = "Physical Review X",
  volume  = "4",
  number  = "1",
  pages   = "",
  doi     = "10.1103/PhysRevX.4.011020",
  
}

@article{sun_antifreeze_2014,
  author  = "Sun, T. and Lin, F.-H. and Campbell, R. L. and Allingham, J. S. and Davies, P. L.",
  title   = "An Antifreeze Protein Folds with an Interior Network of More Than 400 Semi-Clathrate Waters",
  year    = "2014",
  journal = "Science",
  volume  = "343",
  number  = "6172",
  pages   = "795--798",
  doi     = "10.1126/science.1247407",
  
}

@article{2014-lipid14,
  author  = "Dickson, Callum J. and Madej, Benjamin D. and Skjevik, {{\AA}}ge A. and Betz, Robin M. and Teigen, Knut and Gould, Ian R. and Walker, Ross C.",
  title   = "Lipid14: The Amber Lipid Force Field",
  year    = "2014",
  journal = "J. Chem. Theory Comput.",
  volume  = "10",
  number  = "2",
  pages   = "865--879",
  doi     = "10.1021/ct4010307",
  
}

@article{2014-scicomp-best-practices,
  author  = "Wilson, Greg and Aruliah, D. A. and Brown, C. Titus and Chue Hong, Neil P. and Davis, Matt and Guy, Richard T. and Haddock, Steven H. D. and Huff, Kathryn D. and Mitchell, Ian M. and Plumbley, Mark D. and Waugh, Ben and White, Ethan P. and Wilson, Paul",
  title   = "Best Practices for Scientific Computing",
  year    = "2014",
  journal = "PLoS Biol.",
  volume  = "12",
  number  = "1",
  pages   = "e1001745",
  doi     = "10.1371/journal.pbio.1001745",
  
}

@article{2014-closed-navae1p,
  author  = "Shaya, David and Findeisen, Felix and Abderemane-Ali, Fayal and Arrigoni, Cristina and Wong, Stephanie and Nurva, Shailika Reddy and Loussouarn, Gildas and Minor, Daniel L.",
  title   = "Structure of a Prokaryotic Sodium Channel Pore Reveals Essential Gating Elements and an Outer Ion Binding Site Common to Eukaryotic Channels",
  year    = "2014",
  journal = "J. Mol. Biol.",
  volume  = "426",
  number  = "2",
  pages   = "467--483",
  doi     = "10.1016/j.jmb.2013.10.010",
  
}

@proceedings-article{2014-pull-requests,
  author  = "Gousios, Georgios and Pinzger, Martin and Deursen, Arie van",
  title   = "An exploratory study of the pull-based software development model",
  year    = "2014",
  journal = "Proceedings of the 36th International Conference on Software Engineering - ICSE 2014",
  volume  = "",
  number  = "",
  pages   = "",
  doi     = "10.1145/2568225.2568260",
  
}

@article{2014-kohlhoff-exacycle,
  author  = "Kohlhoff, Kai J. and Shukla, Diwakar and Lawrenz, Morgan and Bowman, Gregory R. and Konerding, David E. and Belov, Dan and Altman, Russ B. and Pande, Vijay S.",
  title   = "Cloud-based simulations on Google Exacycle reveal ligand modulation of {GPCR} activation pathways",
  year    = "2013",
  journal = "Nature Chem.",
  volume  = "6",
  number  = "1",
  pages   = "15--21",
  doi     = "10.1038/nchem.1821",
  
}

@article{2013-noe-hmm,
  author  = "No{\'e}, Frank and Wu, Hao and Prinz, Jan-Hendrik and Plattner, Nuria",
  title   = "Projected and hidden Markov models for calculating kinetics and metastable states of complex molecules",
  year    = "2013",
  journal = "J. Chem. Phys.",
  volume  = "139",
  number  = "18",
  pages   = "184114",
  doi     = "10.1063/1.4828816",
  
}

@article{2013-diffusion-map-sampling,
  author  = "Zheng, Wenwei and Rohrdanz, Mary A. and Clementi, Cecilia",
  title   = "Rapid Exploration of Configuration Space with Diffusion-Map-Directed Molecular Dynamics",
  year    = "2013",
  journal = "J. Phys. Chem. B",
  volume  = "117",
  number  = "42",
  pages   = "12769--12776",
  doi     = "10.1021/jp401911h",
  
}

@article{2013-open-pore-navms,
  author  = "Bagn{\'e}ris, Claire and DeCaen, Paul G. and Hall, Benjamin A. and Naylor, Claire E. and Clapham, David E. and Kay, Christopher W. M. and Wallace, B. A.",
  title   = "Role of the C-terminal domain in the structure and function of tetrameric sodium channels",
  year    = "2013",
  journal = "Nat. Commun.",
  volume  = "4",
  number  = "",
  pages   = "",
  doi     = "10.1038/ncomms3465",
  
}

@phdthesis{2013-beauchamp-thesis,
  author  = "Beauchamp, Kyle",
  title   = "Inferring protein structure and dynamics from simulation and experiment",
  year    = "2013",
  
  volume  = "",
  number  = "",
  pages   = "",
  doi     = "",
  
}

@article{2013-tip3p-fb,
  author  = "Wang, Lee-Ping and Head-Gordon, Teresa and Ponder, Jay W. and Ren, Pengyu and Chodera, John D. and Eastman, Peter K. and Martinez, Todd J. and Pande, Vijay S.",
  title   = "Systematic Improvement of a Classical Molecular Model of Water",
  year    = "2013",
  journal = "J. Phys. Chem. B",
  volume  = "117",
  number  = "34",
  pages   = "9956--9972",
  doi     = "10.1021/jp403802c",
  
}

@article{2013-mcgibbon-kdml,
  author  = "McGibbon, Robert T. and Pande, Vijay S.",
  title   = "Learning Kinetic Distance Metrics for Markov State Models of Protein Conformational Dynamics",
  year    = "2013",
  journal = "J. Chem. Theory Comput.",
  volume  = "9",
  number  = "7",
  pages   = "2900--2906",
  doi     = "10.1021/ct400132h",
  
}

@article{2013-noe-tica,
  author  = "P{\'e}rez-Hern{\'a}ndez, Guillermo and Paul, Fabian and Giorgino, Toni and De Fabritiis, Gianni and No{\'e}, Frank",
  title   = "Identification of slow molecular order parameters for Markov model construction",
  year    = "2013",
  journal = "J. Chem. Phys.",
  volume  = "139",
  number  = "1",
  pages   = "015102",
  doi     = "10.1063/1.4811489",
  
}

@article{2013-schwantes-tica,
  author  = "Schwantes, Christian R. and Pande, Vijay S.",
  title   = "Improvements in Markov State Model Construction Reveal Many Non-Native Interactions in the Folding of {NTL9}",
  year    = "2013",
  journal = "J. Chem. Theory Comput.",
  volume  = "9",
  number  = "4",
  pages   = "2000--2009",
  doi     = "10.1021/ct300878a",
  
}

@article{2013-superconducting-qubit-outlook,
  author  = "Devoret, M. H. and Schoelkopf, R. J.",
  title   = "Superconducting Circuits for Quantum Information: An Outlook",
  year    = "2013",
  journal = "Science",
  volume  = "339",
  number  = "6124",
  pages   = "1169--1174",
  doi     = "10.1126/science.1231930",
  
}

@article{2013-milliseconds-folding,
  author  = "Lane, Thomas J and Shukla, Diwakar and Beauchamp, Kyle A and Pande, Vijay S",
  title   = "To milliseconds and beyond: challenges in the simulation of protein folding",
  year    = "2013",
  journal = "Curr. Opin. Struct. Biol.",
  volume  = "23",
  number  = "1",
  pages   = "58--65",
  doi     = "10.1016/j.sbi.2012.11.002",
  
}

@article{2013-openmm,
  author  = "Eastman, Peter and Friedrichs, Mark S. and Chodera, John D. and Radmer, Randall J. and Bruns, Christopher M. and Ku, Joy P. and Beauchamp, Kyle A. and Lane, Thomas J. and Wang, Lee-Ping and Shukla, Diwakar and Tye, Tony and Houston, Mike and Stich, Timo and Klein, Christoph and Shirts, Michael R. and Pande, Vijay S.",
  title   = "{OpenMM} 4: A Reusable, Extensible, Hardware Independent Library for High Performance Molecular Simulation",
  year    = "2013",
  journal = "J. Chem. Theory Comput.",
  volume  = "9",
  number  = "1",
  pages   = "461--469",
  doi     = "10.1021/ct300857j",
  
}

@article{gu_building_2013,
  author  = "Gu, Chen and Chang, Huang-Wei and Maibaum, Lutz and Pande, Vijay S and Carlsson, Gunnar E and Guibas, Leonidas J",
  title   = "Building Markov state models with solvent dynamics",
  year    = "2013",
  journal = "BMC Bioinf.",
  volume  = "14",
  number  = "Suppl 2",
  pages   = "S8",
  doi     = "10.1186/1471-2105-14-S2-S8",
  
}

@article{2013-noe-variational,
  author  = "No{\'e}, Frank and N{\"u}ske, Feliks",
  title   = "A Variational Approach to Modeling Slow Processes in Stochastic Dynamical Systems",
  year    = "2013",
  journal = "Multiscale Model. Simul.",
  volume  = "11",
  number  = "2",
  pages   = "635--655",
  doi     = "10.1137/110858616",
  
}

@article{sadiq_kinetic_2012,
  author  = "Sadiq, S. K. and Noe, F. and De Fabritiis, G.",
  title   = "Kinetic characterization of the critical step in {HIV}-1 protease maturation",
  year    = "2012",
  journal = "Proc. Natl. Acad. Sci. U.S.A.",
  volume  = "109",
  number  = "50",
  pages   = "20449--20454",
  doi     = "10.1073/pnas.1210983109",
  
}

@article{2012-partially-open-pore-navms,
  author  = "McCusker, Emily C. and Bagn{\'e}ris, Claire and Naylor, Claire E. and Cole, Ambrose R. and D'Avanzo, Nazzareno and Nichols, Colin G. and Wallace, B.A.",
  title   = "Structure of a bacterial voltage-gated sodium channel pore reveals mechanisms of opening and closing",
  year    = "2012",
  journal = "Nat. Commun.",
  volume  = "3",
  number  = "",
  pages   = "1102",
  doi     = "10.1038/ncomms2077",
  
}

@book-chapter{2013-meshless-msm,
  author  = "Fackeldey, Konstantin and Bujotzek, Alexander and Weber, Marcus",
  title   = "A Meshless Discretization Method for Markov State Models Applied to Explicit Water Peptide Folding Simulations",
  year    = "2012",
  journal = "Lect. Notes Comput. Sci. Eng.",
  volume  = "",
  number  = "",
  pages   = "141--154",
  doi     = "10.1007/978-3-642-32979-1_9",
  
}

@article{2012-drid,
  author  = "Zhou, Ting and Caflisch, Amedeo",
  title   = "Distribution of Reciprocal of Interatomic Distances: A Fast Structural Metric",
  year    = "2012",
  journal = "J. Chem. Theory Comput.",
  volume  = "8",
  number  = "8",
  pages   = "2930--2937",
  doi     = "10.1021/ct3003145",
  
}

@article{voelz_slow_2012,
  author  = "Voelz, Vincent A. and J{\"a}ger, Marcus and Yao, Shuhuai and Chen, Yujie and Zhu, Li and Waldauer, Steven A. and Bowman, Gregory R. and Friedrichs, Mark and Bakajin, Olgica and Lapidus, Lisa J. and Weiss, Shimon and Pande, Vijay S.",
  title   = "Slow Unfolded-State Structuring in Acyl-{CoA} Binding Protein Folding Revealed by Simulation and Experiment",
  year    = "2012",
  journal = "JACS",
  volume  = "134",
  number  = "30",
  pages   = "12565--12577",
  doi     = "10.1021/ja302528z",
  
}

@article{2012-jemma,
  author  = "Senne, Martin and Trendelkamp-Schroer, Benjamin and Mey, Antonia S.J.S. and Sch{\"u}tte, Christof and No{\'e}, Frank",
  title   = "{EMMA:} A Software Package for Markov Model Building and Analysis",
  year    = "2012",
  journal = "J. Chem. Theory Comput.",
  volume  = "8",
  number  = "7",
  pages   = "2223--2238",
  doi     = "10.1021/ct300274u",
  
}

@article{2012-closed-navrh,
  author  = "Zhang, Xu and Ren, Wenlin and DeCaen, Paul and Yan, Chuangye and Tao, Xiao and Tang, Lin and Wang, Jingjing and Hasegawa, Kazuya and Kumasaka, Takashi and He, Jianhua and Wang, Jiawei and Clapham, David E. and Yan, Nieng",
  title   = "Crystal structure of an orthologue of the {NaChBac} voltage-gated sodium channel",
  year    = "2012",
  journal = "Nature",
  volume  = "",
  number  = "",
  pages   = "",
  doi     = "10.1038/nature11054",
  
}

@article{2012-closed-asym-navab,
  author  = "Payandeh, Jian and Gamal El-Din, Tamer M. and Scheuer, Todd and Zheng, Ning and Catterall, William A.",
  title   = "Crystal structure of a voltage-gated sodium channel in two potentially inactivated states",
  year    = "2012",
  journal = "Nature",
  volume  = "",
  number  = "",
  pages   = "",
  doi     = "10.1038/nature11077",
  
}

@article{2012-amber,
  author  = "G{\"o}tz, Andreas W. and Williamson, Mark J. and Xu, Dong and Poole, Duncan and Le Grand, Scott and Walker, Ross C.",
  title   = "Routine Microsecond Molecular Dynamics Simulations with {AMBER} on {GPUs.} 1. Generalized Born",
  year    = "2012",
  journal = "J. Chem. Theory Comput.",
  volume  = "8",
  number  = "5",
  pages   = "1542--1555",
  doi     = "10.1021/ct200909j",
  
}

@article{1999-ff99,
  author  = "Beauchamp, Kyle A. and Lin, Yu-Shan and Das, Rhiju and Pande, Vijay S.",
  title   = "Are Protein Force Fields Getting Better? A Systematic Benchmark on 524 Diverse {NMR} Measurements",
  year    = "2012",
  journal = "J. Chem. Theory Comput.",
  volume  = "8",
  number  = "4",
  pages   = "1409--1414",
  doi     = "10.1021/ct2007814",
  
}

@article{2012-roux-efield,
  author  = "Gumbart, James and Khalili-Araghi, Fatemeh and Sotomayor, Marcos and Roux, Beno{\^\i}t",
  title   = "Constant electric field simulations of the membrane potential illustrated with simple systems",
  year    = "2012",
  journal = "Biochimica et Biophysica Acta (BBA) - Biomembranes",
  volume  = "1818",
  number  = "2",
  pages   = "294--302",
  doi     = "10.1016/j.bbamem.2011.09.030",
  
}

@inproceedings{2012-nystroem,
  author  = "Yang, Tianbao and Li, Yu-Feng and Mahdavi, Mehrdad and Jin, Rong and Zhou, Zhi-Hua",
  title   = "Nystr{\"o}m method vs random fourier features: A theoretical and empirical comparison",
  year    = "2012",
  journal = "Advances in Neural Information Processing Systems",
  volume  = "",
  number  = "",
  pages   = "476--484",
  doi     = "",
  
}

@article{2012-eigenvalue-error,
  author  = "Djurdjevac, Natasa and Sarich, Marco and Sch{\"u}tte, Christof",
  title   = "Estimating the Eigenvalue Error of Markov State Models",
  year    = "2012",
  journal = "Multiscale Model. Simul.",
  volume  = "10",
  number  = "1",
  pages   = "61--81",
  doi     = "10.1137/100798910",
  
}

@article{2012-vsd-mechanism,
  author  = "Yarov-Yarovoy, V. and DeCaen, P. G. and Westenbroek, R. E. and Pan, C.-Y. and Scheuer, T. and Baker, D. and Catterall, W. A.",
  title   = "Structural basis for gating charge movement in the voltage sensor of a sodium channel",
  year    = "2011",
  journal = "Proc. Natl. Acad. Sci. U.S.A.",
  volume  = "109",
  number  = "2",
  pages   = "E93--E102",
  doi     = "10.1073/pnas.1118434109",
  
}

@article{lane_markov_2011,
  author  = "Lane, Thomas J. and Bowman, Gregory R. and Beauchamp, Kyle and Voelz, Vincent A. and Pande, Vijay S.",
  title   = "Markov State Model Reveals Folding and Functional Dynamics in Ultra-Long {MD} Trajectories",
  year    = "2011",
  journal = "JACS",
  volume  = "133",
  number  = "45",
  pages   = "18413--18419",
  doi     = "10.1021/ja207470h",
  
}

@article{2011-larsen-folding,
  author  = "Lindorff-Larsen, K. and Piana, S. and Dror, R. O. and Shaw, D. E.",
  title   = "How Fast-Folding Proteins Fold",
  year    = "2011",
  journal = "Science",
  volume  = "334",
  number  = "6055",
  pages   = "517--520",
  doi     = "10.1126/science.1208351",
  
}

@article{2011-msmbuilder2,
  author  = "Beauchamp, Kyle A. and Bowman, Gregory R. and Lane, Thomas J. and Maibaum, Lutz and Haque, Imran S. and Pande, Vijay S.",
  title   = "{MSMBuilder2:} Modeling Conformational Dynamics on the Picosecond to Millisecond Scale",
  year    = "2011",
  journal = "J. Chem. Theory Comput.",
  volume  = "7",
  number  = "10",
  pages   = "3412--3419",
  doi     = "10.1021/ct200463m",
  
}

@article{piechotta2011pore,
  author  = "Piechotta, Paula L and Rapedius, Markus and Stansfeld, Phillip J and Bollepalli, Murali K and Erhlich, Gunter and Andres-Enguix, Isabelle and Fritzenschaft, Hariolf and Decher, Niels and Sansom, Mark S P and Tucker, Stephen J and Baukrowitz, Thomas",
  title   = "The pore structure and gating mechanism of {K2P} channels",
  year    = "2011",
  journal = "EMBO J.",
  volume  = "30",
  number  = "17",
  pages   = "3607--3619",
  doi     = "10.1038/emboj.2011.268",
  
}

@article{2011-kutzner-double-membrane,
  author  = "Kutzner, Carsten and Grubm{\"u}ller, Helmut and de~Groot, Bert~L. and Zachariae, Ulrich",
  title   = "Computational Electrophysiology: The Molecular Dynamics of Ion Channel Permeation and Selectivity in Atomistic Detail",
  year    = "2011",
  journal = "Biophys. J.",
  volume  = "101",
  number  = "4",
  pages   = "809--817",
  doi     = "doi:10.1016/j.bpj.2011.06.010",
  
}

@article{bagriantsev2011multiple,
  author  = "Bagriantsev, Sviatoslav N and Peyronnet, R{\'e}mi and Clark, Kimberly A and Honor{\'e}, Eric and Minor, Daniel L",
  title   = "Multiple modalities converge on a common gate to control {K2Pchannel} function",
  year    = "2011",
  journal = "EMBO J.",
  volume  = "30",
  number  = "17",
  pages   = "3594--3606",
  doi     = "10.1038/emboj.2011.230",
  
}

@article{2011-closed-navab,
  author  = "Payandeh, Jian and Scheuer, Todd and Zheng, Ning and Catterall, William A.",
  title   = "The crystal structure of a voltage-gated sodium channel",
  year    = "2011",
  journal = "Nature",
  volume  = "475",
  number  = "7356",
  pages   = "353--358",
  doi     = "10.1038/nature10238",
  
}

@article{2011-meshless-msm,
  author  = "Fackeldey, Konstantin and R{\"o}blitz, Susanna and Scharkoi, Olga and Weber, Marcus",
  title   = "Soft Versus Hard Metastable Conformations in Molecular Simulations",
  year    = "2011",
  
  volume  = "",
  number  = "",
  pages   = "",
  doi     = "",
  
}

@article{buch_complete_2011,
  author  = "Buch, I. and Giorgino, T. and De Fabritiis, G.",
  title   = "Complete reconstruction of an enzyme-inhibitor binding process by molecular dynamics simulations",
  year    = "2011",
  journal = "Proc. Natl. Acad. Sci. U.S.A.",
  volume  = "108",
  number  = "25",
  pages   = "10184--10189",
  doi     = "10.1073/pnas.1103547108",
  
}

@article{2011-prinz,
  author  = "Prinz, Jan-Hendrik and Wu, Hao and Sarich, Marco and Keller, Bettina and Senne, Martin and Held, Martin and Chodera, John D. and Sch{\"u}tte, Christof and No{\'e}, Frank",
  title   = "Markov models of molecular kinetics: Generation and validation",
  year    = "2011",
  journal = "J. Chem. Phys.",
  volume  = "134",
  number  = "17",
  pages   = "174105",
  doi     = "10.1063/1.3565032",
  
}

@article{2011-mdanalysis,
  author  = "Michaud-Agrawal, Naveen and Denning, Elizabeth J. and Woolf, Thomas B. and Beckstein, Oliver",
  title   = "{MDAnalysis:} A toolkit for the analysis of molecular dynamics simulations",
  year    = "2011",
  journal = "J. Comput. Chem.",
  volume  = "32",
  number  = "10",
  pages   = "2319--2327",
  doi     = "10.1002/jcc.21787",
  
}

@article{2011-rohrdanz-diffusion-maps,
  author  = "Rohrdanz, Mary A. and Zheng, Wenwei and Maggioni, Mauro and Clementi, Cecilia",
  title   = "Determination of reaction coordinates via locally scaled diffusion map",
  year    = "2011",
  journal = "J. Chem. Phys.",
  volume  = "134",
  number  = "12",
  pages   = "124116",
  doi     = "10.1063/1.3569857",
  
}

@article{2011-japan-tica,
  author  = "Naritomi, Yusuke and Fuchigami, Sotaro",
  title   = "Slow dynamics in protein fluctuations revealed by time-structure based independent component analysis: The case of domain motions",
  year    = "2011",
  journal = "J. Chem. Phys.",
  volume  = "134",
  number  = "6",
  pages   = "065101",
  doi     = "10.1063/1.3554380",
  
}

@article{2011-kinase-review,
  author  = "Taylor, Susan S. and Kornev, Alexandr P.",
  title   = "Protein kinases: evolution of dynamic regulatory proteins",
  year    = "2011",
  journal = "Trends Biochem. Sci.",
  volume  = "36",
  number  = "2",
  pages   = "65--77",
  doi     = "10.1016/j.tibs.2010.09.006",
  
}

@article{2011-sklearn,
  author  = "Pedregosa, F. and Varoquaux, G. and Gramfort, A. and Michel, V. and Thirion, B. and Grisel, O. and Blondel, M. and Prettenhofer, P. and Weiss, R. and Dubourg, V. and Vanderplas, J. and Passos, A. and Cournapeau, D. and Brucher, M. and Perrot, M. and Duchesnay, E.",
  title   = "Scikit-learn: Machine Learning in Python",
  year    = "2011",
  journal = "J. Mach. Learn. Res.",
  volume  = "12",
  number  = "",
  pages   = "2825--2830",
  doi     = "",
  
}

@article{rao_structural_2010,
  author  = "Rao, Francesco and Garrett-Roe, Sean and Hamm, Peter",
  title   = "Structural Inhomogeneity of Water by Complex Network Analysis",
  year    = "2010",
  journal = "J. Phys. Chem. B",
  volume  = "114",
  number  = "47",
  pages   = "15598--15604",
  doi     = "10.1021/jp1060792",
  
}

@article{2010-pande-folding,
  author  = "Pande, Vijay S.",
  title   = "Simple Theory of Protein Folding Kinetics",
  year    = "2010",
  journal = "Phys. Rev. Lett.",
  volume  = "105",
  number  = "19",
  pages   = "",
  doi     = "10.1103/PhysRevLett.105.198101",
  
}

@article{2010-shaw-fip35-bpti,
  author  = "Shaw, D. E. and Maragakis, P. and Lindorff-Larsen, K. and Piana, S. and Dror, R. O. and Eastwood, M. P. and Bank, J. A. and Jumper, J. M. and Salmon, J. K. and Shan, Y. and Wriggers, W.",
  title   = "Atomic-Level Characterization of the Structural Dynamics of Proteins",
  year    = "2010",
  journal = "Science",
  volume  = "330",
  number  = "6002",
  pages   = "341--346",
  doi     = "10.1126/science.1187409",
  
}

@article{2010-schulten-challenges,
  author  = "Freddolino, Peter L. and Harrison, Christopher B. and Liu, Yanxin and Schulten, Klaus",
  title   = "Challenges in protein-folding simulations",
  year    = "2010",
  journal = "Nat. Phys.",
  volume  = "6",
  number  = "10",
  pages   = "751--758",
  doi     = "10.1038/nphys1713",
  
}

@article{2010-everything-msm-afraid-ask,
  author  = "Pande, Vijay S. and Beauchamp, Kyle and Bowman, Gregory R.",
  title   = "Everything you wanted to know about Markov State Models but were afraid to ask",
  year    = "2010",
  journal = "Methods",
  volume  = "52",
  number  = "1",
  pages   = "99--105",
  doi     = "10.1016/j.ymeth.2010.06.002",
  
}

@article{cuello2010structural,
  author  = "Cuello, Luis G. and Jogini, Vishwanath and Cortes, D. Marien and Perozo, Eduardo",
  title   = "Structural mechanism of C-type inactivation in K+ channels",
  year    = "2010",
  journal = "Nature",
  volume  = "466",
  number  = "7303",
  pages   = "203--208",
  doi     = "10.1038/nature09153",
  
}

@article{clarke2010domain,
  author  = "Clarke, Oliver B. and Caputo, Alessandro T. and Hill, Adam P. and Vandenberg, Jamie I. and Smith, Brian J. and Gulbis, Jacqueline M.",
  title   = "Domain Reorientation and Rotation of an Intracellular Assembly Regulate Conduction in Kir Potassium Channels",
  year    = "2010",
  journal = "Cell",
  volume  = "141",
  number  = "6",
  pages   = "1018--1029",
  doi     = "10.1016/j.cell.2010.05.003",
  
}

@article{2010-k2p-review,
  author  = "Enyedi, P. and Czirjak, G.",
  title   = "Molecular Background of Leak K+ Currents: Two-Pore Domain Potassium Channels",
  year    = "2010",
  journal = "Physiol. Rev.",
  volume  = "90",
  number  = "2",
  pages   = "559--605",
  doi     = "10.1152/physrev.00029.2009",
  
}

@article{2010-gpugrid,
  author  = "Buch, I. and Harvey, M. J. and Giorgino, T. and Anderson, D. P. and De Fabritiis, G.",
  title   = "High-Throughput All-Atom Molecular Dynamics Simulations Using Distributed Computing",
  year    = "2010",
  journal = "J. Chem. Inf. Model.",
  volume  = "50",
  number  = "3",
  pages   = "397--403",
  doi     = "10.1021/ci900455r",
  
}

@article{jensen2010principles,
  author  = "Jensen, M. O. and Borhani, D. W. and Lindorff-Larsen, K. and Maragakis, P. and Jogini, V. and Eastwood, M. P. and Dror, R. O. and Shaw, D. E.",
  title   = "Principles of conduction and hydrophobic gating in K+ channels",
  year    = "2010",
  journal = "Proc. Natl. Acad. Sci. U.S.A.",
  volume  = "107",
  number  = "13",
  pages   = "5833--5838",
  doi     = "10.1073/pnas.0911691107",
  
}

@article{2010-amoeba,
  author  = "Ponder, Jay W. and Wu, Chuanjie and Ren, Pengyu and Pande, Vijay S. and Chodera, John D. and Schnieders, Michael J. and Haque, Imran and Mobley, David L. and Lambrecht, Daniel S. and DiStasio, Robert A. and Head-Gordon, Martin and Clark, Gary N. I. and Johnson, Margaret E. and Head-Gordon, Teresa",
  title   = "Current Status of the {AMOEBA} Polarizable Force Field",
  year    = "2010",
  journal = "J. Phys. Chem. B",
  volume  = "114",
  number  = "8",
  pages   = "2549--2564",
  doi     = "10.1021/jp910674d",
  
}

@article{2010-charmm27,
  author  = "Bjelkmar, PaÃàr and Larsson, Per and Cuendet, Michel A. and Hess, Berk and Lindahl, Erik",
  title   = "Implementation of the {CHARMM} Force Field in {GROMACS:} Analysis of Protein Stability Effects from Correction Maps, Virtual Interaction Sites, and Water Models",
  year    = "2010",
  journal = "J. Chem. Theory Comput.",
  volume  = "6",
  number  = "2",
  pages   = "459--466",
  doi     = "10.1021/ct900549r",
  
}

@proceedings-article{2010-minibatch-kmeans,
  author  = "Sculley, D.",
  title   = "Web-scale k-means clustering",
  year    = "2010",
  journal = "Proceedings of the 19th international conference on World wide web - WWW '10",
  volume  = "",
  number  = "",
  pages   = "",
  doi     = "10.1145/1772690.1772862",
  
}

@article{2010-msm-error,
  author  = "Sarich, Marco and No{\'e}, Frank and Sch{\"u}tte, Christof",
  title   = "On the Approximation Quality of Markov State Models",
  year    = "2010",
  journal = "Multiscale Model. Simul.",
  volume  = "8",
  number  = "4",
  pages   = "1154--1177",
  doi     = "10.1137/090764049",
  
}

@article{2009-plenty-of-room-focus,
  author  = "",
  title   = "{'Plenty} of room' revisited",
  year    = "2009",
  journal = "Nat. Nanotechnol.",
  volume  = "4",
  number  = "12",
  pages   = "781--781",
  doi     = "10.1038/nnano.2009.356",
  
}

@article{2009-noe-equilibrium-from-short,
  author  = "Noe, F. and Schutte, C. and Vanden-Eijnden, E. and Reich, L. and Weikl, T. R.",
  title   = "Constructing the equilibrium ensemble of folding pathways from short off-equilibrium simulations",
  year    = "2009",
  journal = "Proc. Natl. Acad. Sci. U.S.A.",
  volume  = "106",
  number  = "45",
  pages   = "19011--19016",
  doi     = "10.1073/pnas.0905466106",
  
}

@article{2009-msmbuilder1,
  author  = "Bowman, Gregory R. and Huang, Xuhui and Pande, Vijay S.",
  title   = "Using generalized ensemble simulations and Markov state models to identify conformational states",
  year    = "2009",
  journal = "Methods",
  volume  = "49",
  number  = "2",
  pages   = "197--201",
  doi     = "10.1016/j.ymeth.2009.04.013",
  
}

@article{2009-berezhkovskii-reactive-flux,
  author  = "Berezhkovskii, Alexander and Hummer, Gerhard and Szabo, Attila",
  title   = "Reactive flux and folding pathways in network models of coarse-grained protein dynamics",
  year    = "2009",
  journal = "J. Chem. Phys.",
  volume  = "130",
  number  = "20",
  pages   = "205102",
  doi     = "10.1063/1.3139063",
  
}

@article{2009-friedrichs-gpu,
  author  = "Friedrichs, Mark S. and Eastman, Peter and Vaidyanathan, Vishal and Houston, Mike and Legrand, Scott and Beberg, Adam L. and Ensign, Daniel L. and Bruns, Christopher M. and Pande, Vijay S.",
  title   = "Accelerating molecular dynamic simulation on graphics processing units",
  year    = "2009",
  journal = "J. Comput. Chem.",
  volume  = "30",
  number  = "6",
  pages   = "864--872",
  doi     = "10.1002/jcc.21209",
  
}

@article{2009-md-perspective,
  author  = "Klepeis, John L and Lindorff-Larsen, Kresten and Dror, Ron O and Shaw, David E",
  title   = "Long-timescale molecular dynamics simulations of protein structure and function",
  year    = "2009",
  journal = "Curr. Opin. Struct. Biol.",
  volume  = "19",
  number  = "2",
  pages   = "120--127",
  doi     = "10.1016/j.sbi.2009.03.004",
  
}

@book-chapter{goldstein2001potassium,
  author  = "Thomas, D. and Goldstein, S.A.N.",
  title   = "Two-P-Domain {(K2P)} Potassium Channels: Leak Conductance Regulators of Excitability",
  year    = "2009",
  journal = "Encyclopedia of Neuroscience",
  volume  = "",
  number  = "",
  pages   = "1207--1220",
  doi     = "10.1016/b978-008045046-9.01636-3",
  
}

@article{2009-metzner-tpt,
  author  = "Metzner, Philipp and Sch{\"u}tte, Christof and Vanden-Eijnden, Eric",
  title   = "Transition Path Theory for Markov Jump Processes",
  year    = "2009",
  journal = "Multiscale Model. Simul.",
  volume  = "7",
  number  = "3",
  pages   = "1192--1219",
  doi     = "10.1137/070699500",
  
}

@proceedings-article{2009-anton,
  author  = "Shaw, David E. and Bowers, Kevin J. and Chow, Edmond and Eastwood, Michael P. and Ierardi, Douglas J. and Klepeis, John L. and Kuskin, Jeffrey S. and Larson, Richard H. and Lindorff-Larsen, Kresten and Maragakis, Paul and Moraes, Mark A. and Dror, Ron O. and Piana, Stefano and Shan, Yibing and Towles, Brian and Salmon, John K. and Grossman, J. P. and Mackenzie, Kenneth M. and Bank, Joseph A. and Young, Cliff and Deneroff, Martin M. and Batson, Brannon",
  title   = "Millisecond-scale molecular dynamics simulations on Anton",
  year    = "2009",
  journal = "Proceedings of the Conference on High Performance Computing Networking, Storage and Analysis - SC '09",
  volume  = "",
  number  = "",
  pages   = "",
  doi     = "10.1145/1654059.1654126",
  
}

@article{2009-theobald-rmsd,
  author  = "Liu, Pu and Agrafiotis, Dimitris K. and Theobald, Douglas L.",
  title   = "Fast determination of the optimal rotational matrix for macromolecular superpositions",
  year    = "2009",
  journal = "J. Comput. Chem.",
  volume  = "",
  number  = "",
  pages   = "n/a--n/a",
  doi     = "10.1002/jcc.21439",
  
}

@article{2009-eastman-gpu,
  author  = "Eastman, Peter and Pande, Vijay S.",
  title   = "Efficient nonbonded interactions for molecular dynamics on a graphics processing unit",
  year    = "2009",
  journal = "J. Comput. Chem.",
  volume  = "",
  number  = "",
  pages   = "NA--NA",
  doi     = "10.1002/jcc.21413",
  
}

@article{2008-roux-efield,
  author  = "Roux, Beno{\^\i}t",
  title   = "The Membrane Potential and its Representation by a Constant Electric Field in Computer Simulations",
  year    = "2008",
  journal = "Biophys. J.",
  volume  = "95",
  number  = "9",
  pages   = "4205--4216",
  doi     = "10.1529/biophysj.108.136499",
  
}

@article{krone_role_2008,
  author  = "Krone, Mary Griffin and Hua, Lan and Soto, Patricia and Zhou, Ruhong and Berne, B. J. and Shea, Joan-Emma",
  title   = "Role of Water in Mediating the Assembly of Alzheimer Amyloid-Œ≤ AŒ≤16‚àí22 Protofilaments",
  year    = "2008",
  journal = "JACS",
  volume  = "130",
  number  = "33",
  pages   = "11066--11072",
  doi     = "10.1021/ja8017303",
  
}

@article{2008-anton,
  author  = "Shaw, David E. and Chao, Jack C. and Eastwood, Michael P. and Gagliardo, Joseph and Grossman, J. P. and Ho, C. Richard and Lerardi, Douglas J. and Kolossv{\'a}ry, Istv{\'a}n and Klepeis, John L. and Layman, Timothy and McLeavey, Christine and Deneroff, Martin M. and Moraes, Mark A. and Mueller, Rolf and Priest, Edward C. and Shan, Yibing and Spengler, Jochen and Theobald, Michael and Towles, Brian and Wang, Stanley C. and Dror, Ron O. and Kuskin, Jeffrey S. and Larson, Richard H. and Salmon, John K. and Young, Cliff and Batson, Brannon and Bowers, Kevin J.",
  title   = "Anton, a special-purpose machine for molecular dynamics simulation",
  year    = "2008",
  journal = "Commun. ACM",
  volume  = "51",
  number  = "7",
  pages   = "91",
  doi     = "10.1145/1364782.1364802",
  
}

@article{2008-protein-folding-problem,
  author  = "Dill, Ken A. and Ozkan, S. Banu and Shell, M. Scott and Weikl, Thomas R.",
  title   = "The Protein Folding Problem",
  year    = "2008",
  journal = "Annu. Rev. Biophys.",
  volume  = "37",
  number  = "1",
  pages   = "289--316",
  doi     = "10.1146/annurev.biophys.37.092707.153558",
  
}

@article{2008-anderson-gpu,
  author  = "Anderson, Joshua A. and Lorenz, Chris D. and Travesset, A.",
  title   = "General purpose molecular dynamics simulations fully implemented on graphics processing units",
  year    = "2008",
  journal = "J. Comput. Phys.",
  volume  = "227",
  number  = "10",
  pages   = "5342--5359",
  doi     = "10.1016/j.jcp.2008.01.047",
  
}

@article{fabritiis_insights_2008,
  author  = "Fabritiis, Gianni De and Geroult, Sebastien and Coveney, Peter V. and Waksman, Gabriel",
  title   = "Insights from the energetics of water binding at the domain-ligand interface of the Src {SH2} domain",
  year    = "2008",
  journal = "Proteins Struct. Funct. Bioinf.",
  volume  = "72",
  number  = "4",
  pages   = "1290--1297",
  doi     = "10.1002/prot.22027",
  
}

@article{2007-scalar-coupling,
  author  = "V{\"o}geli, Beat and Ying, Jinfa and Grishaev, Alexander and Bax, Ad",
  title   = "Limits on Variations in Protein Backbone Dynamics from Precise Measurements of Scalar Couplings",
  year    = "2007",
  journal = "JACS",
  volume  = "129",
  number  = "30",
  pages   = "9377--9385",
  doi     = "10.1021/ja070324o",
  
}

@article{young_motifs_2007,
  author  = "Young, Tom and Abel, Robert and Kim, Byungchan and Berne, Bruce J. and Friesner, Richard A.",
  title   = "Motifs for molecular recognition exploiting hydrophobic enclosure in protein{--}ligand binding",
  year    = "2007",
  journal = "Proc. Natl. Acad. Sci. U.S.A.",
  volume  = "104",
  number  = "3",
  pages   = "808--813",
  doi     = "10.1073/pnas.0610202104",
  
}

@article{2007-ipython,
  author  = "Perez, Fernando and Granger, Brian E.",
  title   = "{IPython:} A System for Interactive Scientific Computing",
  year    = "2007",
  journal = "Comput. Sci. Eng.",
  volume  = "9",
  number  = "3",
  pages   = "21--29",
  doi     = "10.1109/MCSE.2007.53",
  
}

@article{2007-stone-gpu,
  author  = "Stone, John E. and Phillips, James C. and Freddolino, Peter L. and Hardy, David J. and Trabuco, Leonardo G. and Schulten, Klaus",
  title   = "Accelerating molecular modeling applications with graphics processors",
  year    = "2007",
  journal = "J. Comput. Chem.",
  volume  = "28",
  number  = "16",
  pages   = "2618--2640",
  doi     = "10.1002/jcc.20829",
  
}

@proceedings-article{2006-bowers-cluster,
  author  = "Bowers, Kevin and Chow, Edmond and Xu, Huafeng and Dror, Ron and Eastwood, Michael and Gregersen, Brent and Klepeis, John and Kolossvary, Istvan and Moraes, Mark and Sacerdoti, Federico and Salmon, John and Shan, Yibing and Shaw, David",
  title   = "Scalable Algorithms for Molecular Dynamics Simulations on Commodity Clusters",
  year    = "2006",
  journal = "ACM/IEEE SC 2006 Conference (SC'06)",
  volume  = "",
  number  = "",
  pages   = "",
  doi     = "10.1109/SC.2006.54",
  
}

@article{doi:10.1162/neco.2006.18.10.2495,
  author  = "Blaschke, Tobias and Berkes, Pietro and Wiskott, Laurenz",
  title   = "What Is the Relation Between Slow Feature Analysis and Independent Component Analysis?",
  year    = "2006",
  journal = "Neural Comput.",
  volume  = "18",
  number  = "10",
  pages   = "2495--2508",
  doi     = "10.1162/neco.2006.18.10.2495",
  
}

@article{wei_effects_2006,
  author  = "Wei, Guanghong and Shea, Joan-Emma",
  title   = "Effects of Solvent on the Structure of the Alzheimer Amyloid-Œ≤(25{--}35) Peptide",
  year    = "2006",
  journal = "Biophys. J.",
  volume  = "91",
  number  = "5",
  pages   = "1638--1647",
  doi     = "10.1529/biophysj.105.079186",
  
}

@article{2006-nadler-diffusion-maps,
  author  = "Nadler, Boaz and Lafon, St{\'e}phane and Coifman, Ronald R. and Kevrekidis, Ioannis G.",
  title   = "Diffusion maps, spectral clustering and reaction coordinates of dynamical systems",
  year    = "2006",
  journal = "Appl. Comput. Harmon. Anal.",
  volume  = "21",
  number  = "1",
  pages   = "113--127",
  doi     = "10.1016/j.acha.2005.07.004",
  
}

@article{2006-noe-conf-change,
  author  = "No{\'e}, Frank and Krachtus, Dieter and Smith, Jeremy C. and Fischer, Stefan",
  title   = "Transition Networks for the Comprehensive Characterization of Complex Conformational Change in Proteins",
  year    = "2006",
  journal = "J. Chem. Theory Comput.",
  volume  = "2",
  number  = "3",
  pages   = "840--857",
  doi     = "10.1021/ct050162r",
  
}

@article{sorin_nanotube_2006,
  author  = "Sorin, Eric J. and Pande, Vijay S.",
  title   = "Nanotube Confinement Denatures Protein Helices",
  year    = "2006",
  journal = "JACS",
  volume  = "128",
  number  = "19",
  pages   = "6316--6317",
  doi     = "10.1021/ja060917j",
  
}

@article{jayachandran_using_2006,
  author  = "Jayachandran, Guha and Vishal, V. and Pande, Vijay S.",
  title   = "Using massively parallel simulation and Markovian models to study protein folding: Examining the dynamics of the villin headpiece",
  year    = "2006",
  journal = "J. Chem. Phys.",
  volume  = "124",
  number  = "16",
  pages   = "164902",
  doi     = "10.1063/1.2186317",
  
}

@phdthesis{2006-meshless-msm-thesis,
  author  = "Weber, Marcus",
  title   = "Meshless Methods in Conformational Dynamics",
  year    = "2006",
  
  volume  = "",
  number  = "",
  pages   = "",
  doi     = "",
  
}

@article{2005-tip4p,
  author  = "Abascal, J. L. F. and Vega, C.",
  title   = "A general purpose model for the condensed phases of water: {TIP4P/2005}",
  year    = "2005",
  journal = "J. Chem. Phys.",
  volume  = "123",
  number  = "23",
  pages   = "234505",
  doi     = "10.1063/1.2121687",
  
}

@article{2005-theobald-rmsd,
  author  = "Theobald, Douglas L.",
  title   = "Rapid calculation of {RMSDs} using a quaternion-based characteristic polynomial",
  year    = "2005",
  journal = "Acta Crystallogr., Sect. A: Found. Crystallogr.",
  volume  = "61",
  number  = "4",
  pages   = "478--480",
  doi     = "10.1107/S0108767305015266",
  
}

@article{2005-myosin-motor,
  author  = "Fischer, S. and Windshugel, B. and Horak, D. and Holmes, K. C. and Smith, J. C.",
  title   = "Structural mechanism of the recovery stroke in the Myosin molecular motor",
  year    = "2005",
  journal = "Proc. Natl. Acad. Sci. U.S.A.",
  volume  = "102",
  number  = "19",
  pages   = "6873--6878",
  doi     = "10.1073/pnas.0408784102",
  
}

@article{2005-pcca,
  author  = "Deuflhard, Peter and Weber, Marcus",
  title   = "Robust Perron cluster analysis in conformation dynamics",
  year    = "2005",
  journal = "Linear Algebra Appl.",
  volume  = "398",
  number  = "",
  pages   = "161--184",
  doi     = "10.1016/j.laa.2004.10.026",
  
}

@article{2005-namd,
  author  = "Phillips, James C. and Braun, Rosemary and Wang, Wei and Gumbart, James and Tajkhorshid, Emad and Villa, Elizabeth and Chipot, Christophe and Skeel, Robert D. and Kal{\'e}, Laxmikant and Schulten, Klaus",
  title   = "Scalable molecular dynamics with {NAMD}",
  year    = "2005",
  journal = "J. Comput. Chem.",
  volume  = "26",
  number  = "16",
  pages   = "1781--1802",
  doi     = "10.1002/jcc.20289",
  
}

@article{zhou_hydrophobic_2004,
  author  = "Zhou, R.",
  title   = "Hydrophobic Collapse in Multidomain Protein Folding",
  year    = "2004",
  journal = "Science",
  volume  = "305",
  number  = "5690",
  pages   = "1605--1609",
  doi     = "10.1126/science.1101176",
  
}

@article{2004-charmm27,
  author  = "Mackerell, Alexander D. and Feig, Michael and Brooks, Charles L.",
  title   = "Extending the treatment of backbone energetics in protein force fields: Limitations of gas-phase quantum mechanics in reproducing protein conformational distributions in molecular dynamics simulations",
  year    = "2004",
  journal = "J. Comput. Chem.",
  volume  = "25",
  number  = "11",
  pages   = "1400--1415",
  doi     = "10.1002/jcc.20065",
  
}

@article{2004-swope-msm,
  author  = "Swope, William C. and Pitera, Jed W. and Suits, Frank",
  title   = "Describing Protein Folding Kinetics by Molecular Dynamics Simulations. 1. Theory‚Ä†",
  year    = "2004",
  journal = "J. Phys. Chem. B",
  volume  = "108",
  number  = "21",
  pages   = "6571--6581",
  doi     = "10.1021/jp037421y",
  
}

@article{2004-pmf,
  author  = "Park, Sanghyun and Schulten, Klaus",
  title   = "Calculating potentials of mean force from steered molecular dynamics simulations",
  year    = "2004",
  journal = "J. Chem. Phys.",
  volume  = "120",
  number  = "13",
  pages   = "5946--5961",
  doi     = "10.1063/1.1651473",
  
}

@article{2004-dill-rmsd,
  author  = "Coutsias, Evangelos A. and Seok, Chaok and Dill, Ken A.",
  title   = "Using quaternions to calculate {RMSD}",
  year    = "2004",
  journal = "J. Comput. Chem.",
  volume  = "25",
  number  = "15",
  pages   = "1849--1857",
  doi     = "10.1002/jcc.20110",
  
}

@article{2004-nina-msm,
  author  = "Singhal, Nina and Snow, Christopher D. and Pande, Vijay S.",
  title   = "Using path sampling to build better Markovian state models: Predicting the folding rate and mechanism of a tryptophan zipper beta hairpin",
  year    = "2004",
  journal = "J. Chem. Phys.",
  volume  = "121",
  number  = "1",
  pages   = "415",
  doi     = "10.1063/1.1738647",
  
}

@article{2004-gaff,
  author  = "Wang, Junmei and Wolf, Romain M. and Caldwell, James W. and Kollman, Peter A. and Case, David A.",
  title   = "Development and testing of a general amber force field",
  year    = "2004",
  journal = "J. Comput. Chem.",
  volume  = "25",
  number  = "9",
  pages   = "1157--1174",
  doi     = "10.1002/jcc.20035",
  
}

@article{2003-drude-particles,
  author  = "Lamoureux, Guillaume and Roux, Beno{{\i}}ÃÇt",
  title   = "Modeling induced polarization with classical Drude oscillators: Theory and molecular dynamics simulation algorithm",
  year    = "2003",
  journal = "J. Chem. Phys.",
  volume  = "119",
  number  = "6",
  pages   = "3025--3039",
  doi     = "10.1063/1.1589749",
  
}

@article{2002-surface-code,
  author  = "Dennis, Eric and Kitaev, Alexei and Landahl, Andrew and Preskill, John",
  title   = "Topological quantum memory",
  year    = "2002",
  journal = "J. Math. Phys.",
  volume  = "43",
  number  = "9",
  pages   = "4452--4505",
  doi     = "10.1063/1.1499754",
  
}

@article{chandler_hydrophobicity_2002,
  author  = "Chandler, David",
  title   = "Hydrophobicity: Two faces of water",
  year    = "2002",
  journal = "Nature",
  volume  = "417",
  number  = "6888",
  pages   = "491--491",
  doi     = "10.1038/417491a",
  
}

@inproceedings{2001-nystroem,
  author  = "Williams, Christopher K. I. and Seeger, Matthias",
  title   = "Using the Nystr{\"o}m Method to Speed Up Kernel Machines",
  year    = "2001",
  journal = "Advances in Neural Information Processing Systems",
  volume  = "13",
  number  = "",
  pages   = "682--688",
  doi     = "",
  
}

@book-chapter{2001-schutte-variational,
  author  = "Sch{\"u}tte, Ch. and Huisinga, W. and Deuflhard, P.",
  title   = "Transfer Operator Approach to Conformational Dynamics in Biomolecular Systems",
  year    = "2001",
  journal = "Ergodic Theory, Analysis, and Efficient Simulation of Dynamical Systems",
  volume  = "",
  number  = "",
  pages   = "191--223",
  doi     = "10.1007/978-3-642-56589-2_9",
  
}

@article{2000-fah,
  author  = "Shirts, M.",
  title   = "{COMPUTING:} Screen Savers of the World Unite!",
  year    = "2000",
  journal = "Science",
  volume  = "290",
  number  = "5498",
  pages   = "1903--1904",
  doi     = "10.1126/science.290.5498.1903",
  
}

@article{2000-pcca,
  author  = "Deuflhard, P. and Huisinga, W. and Fischer, A. and Sch{\"u}tte, Ch.",
  title   = "Identification of almost invariant aggregates in reversible nearly uncoupled Markov chains",
  year    = "2000",
  journal = "Linear Algebra Appl.",
  volume  = "315",
  number  = "1-3",
  pages   = "39--59",
  doi     = "10.1016/S0024-3795(00)00095-1",
  
}

@article{lesage2000human,
  author  = "Lesage, Florian and Terrenoire, C{\'e}cile and Romey, Georges and Lazdunski, Michel",
  title   = "Human {TREK2,} a {2P} Domain Mechano-sensitive {K+Channel} with Multiple Regulations by Polyunsaturated Fatty Acids, Lysophospholipids, and Gs, Gi, and {GqProtein}-coupled Receptors",
  year    = "2000",
  journal = "J. Biol. Chem.",
  volume  = "275",
  number  = "37",
  pages   = "28398--28405",
  doi     = "10.1074/jbc.m002822200",
  
}

@article{2000-roux-kcsa-md,
  author  = "Bern{\`e}che, Simon and Roux, Beno{\^\i}t",
  title   = "Molecular Dynamics of the {KcsA} K+ Channel in a Bilayer Membrane",
  year    = "2000",
  journal = "Biophys. J.",
  volume  = "78",
  number  = "6",
  pages   = "2900--2917",
  doi     = "10.1016/S0006-3495(00)76831-7",
  
}

@article{1999-schutte-msm,
  author  = "Sch{\"u}tte, Ch and Fischer, A and Huisinga, W and Deuflhard, P",
  title   = "A Direct Approach to Conformational Dynamics Based on Hybrid Monte Carlo",
  year    = "1999",
  journal = "J. Comput. Phys.",
  volume  = "151",
  number  = "1",
  pages   = "146--168",
  doi     = "10.1006/jcph.1999.6231",
  
}

@article{1998-scholkopf-kernel-pca,
  author  = "Sch{\"o}lkopf, Bernhard and Smola, Alexander and M{\"u}ller, Klaus-Robert",
  title   = "Nonlinear Component Analysis as a Kernel Eigenvalue Problem",
  year    = "1998",
  journal = "Neural Comput.",
  volume  = "10",
  number  = "5",
  pages   = "1299--1319",
  doi     = "10.1162/089976698300017467",
  
}

@unpublished{1997-anyons,
  author  = "Kitaev, A. Yu.",
  title   = "Fault-tolerant quantum computation by anyons",
  year    = "1997",
  
  volume  = "",
  number  = "",
  pages   = "",
  doi     = "",
  note    = "arXiv:quant-ph/9707021",
}

@unpublished{1997-gottesman-thesis,
  author  = "Gottesman, Daniel",
  title   = "Stabilizer Codes and Quantum Error Correction",
  year    = "1997",
  
  volume  = "",
  number  = "",
  pages   = "",
  doi     = "",
  note    = "arXiv:quant-ph/9705052",
}

@book-chapter{1997-kitaev-error-correction,
  author  = "Kitaev, A. Yu.",
  title   = "Quantum Error Correction with Imperfect Gates",
  year    = "1997",
  journal = "Quantum Communication, Computing, and Measurement",
  volume  = "",
  number  = "",
  pages   = "181--188",
  doi     = "10.1007/978-1-4615-5923-8_19",
  
}

@article{1996-vmd,
  author  = "Humphrey, William and Dalke, Andrew and Schulten, Klaus",
  title   = "{VMD:} Visual molecular dynamics",
  year    = "1996",
  journal = "J. Mol. Graph.",
  volume  = "14",
  number  = "1",
  pages   = "33--38",
  doi     = "10.1016/0263-7855(96)00018-5",
  
}

@article{1996-bphc-structure,
  author  = "Senda, Toshiya and Sugiyama, Kazuyuki and Narita, Hiroki and Yamamoto, Takeshi and Kimbara, Kazuhide and Fukuda, Masao and Sato, Mitsuo and Yano, Keiji and Mitsui, Yukio",
  title   = "Three-dimensional Structures of Free Form and Two Substrate Complexes of an Extradiol Ring-cleavage Type Dioxygenase, the {BphC} Enzyme {fromPseudomonassp.} Strain {KKS102}",
  year    = "1996",
  journal = "J. Mol. Biol.",
  volume  = "255",
  number  = "5",
  pages   = "735--752",
  doi     = "10.1006/jmbi.1996.0060",
  
}

@article{1995-stride,
  author  = "Frishman, Dmitrij and Argos, Patrick",
  title   = "Knowledge-based protein secondary structure assignment",
  year    = "1995",
  journal = "Proteins: Structure, Function, and Genetics",
  volume  = "23",
  number  = "4",
  pages   = "566--579",
  doi     = "10.1002/prot.340230412",
  
}

@article{1995-alpha-carbon,
  author  = "Flocco, Maria M. and Mowbray, Sherry L.",
  title   = "CŒ±-based torsion angles: A simple tool to analyze protein conformational changes",
  year    = "1995",
  journal = "Protein Sci.",
  volume  = "4",
  number  = "10",
  pages   = "2118--2122",
  doi     = "10.1002/pro.5560041017",
  
}

@article{1995-plimpton,
  author  = "Plimpton, Steve",
  title   = "Fast Parallel Algorithms for Short-Range Molecular Dynamics",
  year    = "1995",
  journal = "J. Comput. Phys.",
  volume  = "117",
  number  = "1",
  pages   = "1--19",
  doi     = "10.1006/jcph.1995.1039",
  
}

@article{doi:10.1103/PhysRevLett.72.3634,
  author  = "Molgedey, L. and Schuster, H. G.",
  title   = "Separation of a mixture of independent signals using time delayed correlations",
  year    = "1994",
  journal = "Phys. Rev. Lett.",
  volume  = "72",
  number  = "23",
  pages   = "3634--3637",
  doi     = "10.1103/PhysRevLett.72.3634",
  
}

@article{1992-wham,
  author  = "Kumar, Shankar and Rosenberg, John M. and Bouzida, Djamal and Swendsen, Robert H. and Kollman, Peter A.",
  title   = "{THE} weighted histogram analysis method for free-energy calculations on biomolecules. I. The method",
  year    = "1992",
  journal = "J. Comput. Chem.",
  volume  = "13",
  number  = "8",
  pages   = "1011--1021",
  doi     = "10.1002/jcc.540130812",
  
}

@article{1991-complex-protein-energy-landscapes,
  author  = "Frauenfelder, H and Sligar, S. and Wolynes, P.",
  title   = "The energy landscapes and motions of proteins",
  year    = "1991",
  journal = "Science",
  volume  = "254",
  number  = "5038",
  pages   = "1598--1603",
  doi     = "10.1126/science.1749933",
  
}

@article{hoshi1991two,
  author  = "Hoshi, Toshinori and Zagotta, William N. and Aldrich, Richard W.",
  title   = "Two types of inactivation in Shaker K+ channels: Effects of alterations in the carboxy-terminal region",
  year    = "1991",
  journal = "Neuron",
  volume  = "7",
  number  = "4",
  pages   = "547--556",
  doi     = "10.1016/0896-6273(91)90367-9",
  
}

@article{1989-kearsley-rmsd,
  author  = "Kearsley, S. K.",
  title   = "On the orthogonal transformation used for structural comparisons",
  year    = "1989",
  journal = "Acta Crystallogr., Sect. A: Found. Crystallogr.",
  volume  = "45",
  number  = "2",
  pages   = "208--210",
  doi     = "10.1107/S0108767388010128",
  
}

@book{1989-szabo-ostlund-qm,
  author  = "Szabo, Attila and Ostlund, Neil S.",
  title   = "Modern Quantum Chemistry: Introduction to Advanced Electronic Structure Theory",
  year    = "1989",
  
  volume  = "",
  number  = "",
  pages   = "",
  doi     = "",
  
}

@book{1989-computer-simulation-of-liquids,
  author  = "Allen, M. P. and Tildesley, D. J.",
  title   = "Computer Simulation of Liquids",
  year    = "1989",
  
  volume  = "",
  number  = "",
  pages   = "",
  doi     = "",
  
}

@article{1988-diamond-rmsd,
  author  = "Diamond, R.",
  title   = "A note on the rotational superposition problem",
  year    = "1988",
  journal = "Acta Crystallogr., Sect. A: Found. Crystallogr.",
  volume  = "44",
  number  = "2",
  pages   = "211--216",
  doi     = "10.1107/S0108767387010535",
  
}

@article{1987-minimization,
  author  = "Ponder, Jay W. and Richards, Frederic M.",
  title   = "An efficient newton-like method for molecular mechanics energy minimization of large molecules",
  year    = "1987",
  journal = "J. Comput. Chem.",
  volume  = "8",
  number  = "7",
  pages   = "1016--1024",
  doi     = "10.1002/jcc.540080710",
  
}

@article{1987-horn-rmsd,
  author  = "Horn, Berthold K. P.",
  title   = "Closed-form solution of absolute orientation using unit quaternions",
  year    = "1987",
  journal = "J. Opt. Soc. Amer. A",
  volume  = "4",
  number  = "4",
  pages   = "629",
  doi     = "10.1364/JOSAA.4.000629",
  
}

@article{1985-macroscopic-quantum-tunneling,
  author  = "Devoret, Michel H. and Martinis, John M. and Clarke, John",
  title   = "Measurements of Macroscopic Quantum Tunneling out of the Zero-Voltage State of a Current-Biased Josephson Junction",
  year    = "1985",
  journal = "Phys. Rev. Lett.",
  volume  = "55",
  number  = "18",
  pages   = "1908--1911",
  doi     = "10.1103/PhysRevLett.55.1908",
  
}

@article{1984-baker-hubbard,
  author  = "Baker, E.N. and Hubbard, R.E.",
  title   = "Hydrogen bonding in globular proteins",
  year    = "1984",
  journal = "Prog. Biophys. Mol. Biol.",
  volume  = "44",
  number  = "2",
  pages   = "97--179",
  doi     = "10.1016/0079-6107(84)90007-5",
  
}

@article{1983-charmm,
  author  = "Brooks, Bernard R. and Bruccoleri, Robert E. and Olafson, Barry D. and States, David J. and Swaminathan, S. and Karplus, Martin",
  title   = "{CHARMM:} A program for macromolecular energy, minimization, and dynamics calculations",
  year    = "1983",
  journal = "J. Comput. Chem.",
  volume  = "4",
  number  = "2",
  pages   = "187--217",
  doi     = "10.1002/jcc.540040211",
  
}

@article{1978-kabsch-rmsd,
  author  = "Kabsch, W.",
  title   = "A solution for the best rotation to relate two sets of vectors",
  year    = "1976",
  journal = "Acta Crystallogr. A",
  volume  = "32",
  number  = "5",
  pages   = "922--923",
  doi     = "10.1107/S0567739476001873",
  
}

@article{1973-shrake-rupley,
  author  = "Shrake, A. and Rupley, J.A.",
  title   = "Environment and exposure to solvent of protein atoms. Lysozyme and insulin",
  year    = "1973",
  journal = "J. Mol. Biol.",
  volume  = "79",
  number  = "2",
  pages   = "351--371",
  doi     = "10.1016/0022-2836(73)90011-9",
  
}

@article{maier2015ff14sb,
  author  = "Maier, James A and Martinez, Carmenza and Kasavajhala, Koushik and Wickstrom, Lauren and Hauser, Kevin E and Simmerling, Carlos",
  title   = "{ff14SB:} improving the accuracy of protein side chain and backbone parameters from {ff99SB}",
  journal = "J. Chem. Theory Comput.",
  volume  = "11",
  number  = "",
  pages   = "3696--3713",
  doi     = "",
  
}

@article{2014-mcgibbon-hmm,
  author  = "McGibbon, Robert and Ramsundar, Bharath and Sultan, Mohammad and Kiss, Gert and Pande, Vijay",
  title   = "Understanding Protein Dynamics with L1-Regularized Reversible Hidden Markov Models",
  
  volume  = "32",
  number  = "2",
  pages   = "1197--1205",
  doi     = "",
  
}

@article{pettersen2004ucsf,
  author  = "Pettersen, Eric F and Goddard, Thomas D and Huang, Conrad C and Couch, Gregory S and Greenblatt, Daniel M and Meng, Elaine C and Ferrin, Thomas E",
  title   = "{UCSF} Chimera-a visualization system for exploratory research and analysis",
  journal = "J. Comput. Chem.",
  volume  = "25",
  number  = "",
  pages   = "1605--1612",
  doi     = "",
  
}

@article{2987-van-kampen-book,
  author  = "Van-Kampen, N G",
  title   = "Stochastic Processes in Physics and Chemistry",
  
  volume  = "",
  number  = "",
  pages   = "",
  doi     = "",
  
}

@article{izrailev1999steered,
  author  = "Izrailev, Sergei and Stepaniants, Sergey and Isralewitz, Barry and Kosztin, Dorina and Lu, Hui and Molnar, Ferenc and Wriggers, Willy and Schulten, Klaus",
  title   = "Steered molecular dynamics",
  
  volume  = "",
  number  = "",
  pages   = "39--65",
  doi     = "",
  
}

@article{taylor2011protein,
  author  = "Taylor, Susan S and Kornev, Alexandr P",
  title   = "Protein kinases: evolution of dynamic regulatory proteins",
  journal = "Trends Biochem. Sci.",
  volume  = "36",
  number  = "",
  pages   = "65--77",
  doi     = "",
  
}

@article{darden1993particle,
  author  = "Darden, T. and York, D. and Pedersen, L.",
  title   = "Particle mesh Ewald: An Nlog {(N)} method for Ewald sums in large systems",
  journal = "J. Chem. Phys.",
  volume  = "98",
  number  = "",
  pages   = "10089",
  doi     = "",
  
}

@article{1992-levinthal-paradox,
  author  = "Zwanzig, R. and Szabo, A. and Bagchi, B.",
  title   = "Levinthal's paradox",
  journal = "Proc. Natl. Acad. Sci. U.S.A.",
  volume  = "89",
  number  = "1",
  pages   = "20--22",
  doi     = "",
  
}

@article{grant2010large,
  author  = "Grant, Barry J and Gorfe, Alemayehu A and McCammon, J Andrew",
  title   = "Large conformational changes in proteins: signaling and other functions",
  journal = "Curr. Opin. Struc. Bio.",
  volume  = "20",
  number  = "",
  pages   = "142--147",
  doi     = "",
  
}

@posted-content{2017-lktica,
  author  = "Harrigan, Matthew P and Pande, Vijay S",
  title   = "Landmark Kernel {tICA} For Conformational Dynamics",
  journal = "bioRxiv",
  volume  = "",
  number  = "",
  pages   = "",
  doi     = "",
  
}

@article{hess1997lincs,
  author  = "Hess, B. and Bekker, H. and Berendsen, H.J.C. and Fraaije, J.G.E.M.",
  title   = "{LINCS:} a linear constraint solver for molecular simulations",
  journal = "J. Comp. Chem.",
  volume  = "18",
  number  = "",
  pages   = "1463--1472",
  doi     = "",
  
}

@article{lindorff2010improved,
  author  = "Lindorff-Larsen, Kresten and Piana, Stefano and Palmo, Kim and Maragakis, Paul and Klepeis, John L and Dror, Ron O and Shaw, David E",
  title   = "Improved side-chain torsion potentials for the Amber {ff99SB} protein force field",
  journal = "Proteins: Struct., Funct., and Bioinf.",
  volume  = "78",
  number  = "",
  pages   = "1950--1958",
  doi     = "",
  
}

@article{hess2008gromacs,
  author  = "Hess, B. and Kutzner, C. and van der Spoel, D. and Lindahl, E.",
  title   = "{GROMACS} 4: Algorithms for highly efficient, load-balanced, and scalable molecular simulation",
  journal = "J. Chem. Theory Comput.",
  volume  = "4",
  number  = "",
  pages   = "435--447",
  doi     = "",
  
}

@article{henzler2007dynamic,
  author  = "Henzler-Wildman, Katherine and Kern, Dorothee",
  title   = "Dynamic personalities of proteins",
  journal = "Nature",
  volume  = "450",
  number  = "",
  pages   = "964--972",
  doi     = "",
  
}

@article{lapidus2014complex,
  author  = "Lapidus, Lisa J and Acharya, Srabasti and Schwantes, Christian R and Wu, Ling and Shukla, Diwakar and King, Michael and DeCamp, Stephen J and Pande, Vijay S",
  title   = "Complex pathways in folding of protein G explored by simulation and experiment",
  journal = "Biophys. J.",
  volume  = "107",
  number  = "",
  pages   = "947--955",
  doi     = "",
  
}

@article{jorgensen1983comparison,
  author  = "Jorgensen, W.L. and Chandrasekhar, J. and Madura, J.D. and Impey, R.W. and Klein, M.L.",
  title   = "Comparison of simple potential functions for simulating liquid water",
  journal = "J. Chem. Phys.",
  volume  = "79",
  number  = "",
  pages   = "926",
  doi     = "",
  
}

@book{2014-msm-book,
  author  = "Bowman, G. R. and Pande, V. S. and No{\'e}, F.",
  title   = "An Introduction to Markov State Models and Their Application to Long Timescale Molecular Simulation",
  
  volume  = "797",
  number  = "",
  pages   = "",
  doi     = "",
  
}

@article{case2014amber,
  author  = "Case, DA and Babin, V and Berryman, Josh and Betz, RM and Cai, Q and Cerutti, DS and Cheatham Iii, TE and Darden, TA and Duke, RE and Gohlke, H",
  title   = "Amber 14",
  
  volume  = "",
  number  = "",
  pages   = "",
  doi     = "",
  
}

@posted-content{2014-haque-fast-rmsd,
  author  = "Haque, Imran S and Beauchamp, Kyle A and Pande, Vijay S",
  title   = "A Fast 3 x N Matrix Multiply Routine for Calculation of Protein {RMSD}",
  journal = "bioRxiv",
  volume  = "",
  number  = "",
  pages   = "",
  doi     = "",
  
}

@article{1968-levinthal-paradox,
  author  = "Levinthal, C",
  title   = "",
  year    = "1968",
  journal = "J. Chim. Phys. Physico-Chim. Biol.",
  volume  = "65",
  number  = "",
  pages   = "44--45",
  doi     = "",
  
}

@proceedings-article{1968-shepard-method,
  author  = "Shepard, Donald",
  title   = "A two-dimensional interpolation function for irregularly-spaced data",
  year    = "1968",
  journal = "Proceedings of the 1968 23rd ACM national conference on   -",
  volume  = "",
  number  = "",
  pages   = "",
  doi     = "10.1145/800186.810616",
  
}

@article{1960-plenty-of-room-at-the-bottom,
  author  = "Feynman, Richard",
  title   = "There's Plenty of Room at the Bottom",
  year    = "1960",
  journal = "Engineering and Science",
  volume  = "23",
  number  = "5",
  pages   = "22--36",
  doi     = "",
  
}

@article{hodgkin1955potassium,
  author  = "Hodgkin, A. L. and Keynes, R. D.",
  title   = "The potassium permeability of a giant nerve fibre",
  year    = "1955",
  journal = "J. Physiol. (Lond.)",
  volume  = "128",
  number  = "1",
  pages   = "61--88",
  doi     = "10.1113/jphysiol.1955.sp005291",
  
}


