

@article{2017-baker-antibody-design,
  author  = "Strauch, Eva-Maria and Bernard, Steffen M and La, David and Bohn, Alan J and Lee, Peter S and Anderson, Caitlin E and Nieusma, Travis and Holstein, Carly A and Garcia, Natalie K and Hooper, Kathryn A and Ravichandran, Rashmi and Nelson, Jorgen W and Sheffler, William and Bloom, Jesse D and Lee, Kelly K and Ward, Andrew B and Yager, Paul and Fuller, Deborah H and Wilson, Ian A and Baker, David",
  title   = "Computational design of trimeric influenza-neutralizing proteins targeting the hemagglutinin receptor binding site",
  year    = "2017",
  journal = "Nat. Biotechnol.",
  volume  = "35",
  number  = "7",
  pages   = "667--671",
  doi     = "10.1038/nbt.3907",
  
}

@unpublished{2017-deep-lift,
  author  = "Shrikumar, Avanti and Greenside, Peyton and Kundaje, Anshul",
  title   = "Learning Important Features Through Propagating Activation Differences",
  year    = "2017",
  
  volume  = "",
  number  = "",
  pages   = "",
  doi     = "",
  note    = "arXiv:1704.02685",
}

@article{2016-neural-computers,
  author  = "Graves, Alex and Wayne, Greg and Reynolds, Malcolm and Harley, Tim and Danihelka, Ivo and Grabska-Barwi≈Ñska, Agnieszka and Colmenarejo, Sergio G{\'o}mez and Grefenstette, Edward and Ramalho, Tiago and Agapiou, John and Badia, Adri{\`a} Puigdom{\`e}nech and Hermann, Karl Moritz and Zwols, Yori and Ostrovski, Georg and Cain, Adam and King, Helen and Summerfield, Christopher and Blunsom, Phil and Kavukcuoglu, Koray and Hassabis, Demis",
  title   = "Hybrid computing using a neural network with dynamic external memory",
  year    = "2016",
  journal = "Nature",
  volume  = "538",
  number  = "7626",
  pages   = "471--476",
  doi     = "10.1038/nature20101",
  
}

@unpublished{2016-aspuru-mol-feat,
  author  = "G{\'o}mez-Bombarelli, Rafael and Duvenaud, David and Hern{\'a}ndez-Lobato, Jos{\'e} Miguel and Aguilera-Iparraguirre, Jorge and Hirzel, Timothy D. and Adams, Ryan P. and Aspuru-Guzik, Al{\'a}n",
  title   = "Automatic chemical design using a data-driven continuous representation
  of molecules",
  year    = "2016",
  
  volume  = "",
  number  = "",
  pages   = "",
  doi     = "",
  note    = "arXiv:1610.02415",
}

@article{2016-msm-cryptic-binding,
  author  = "Hart, Kathryn M. and Ho, Chris M. W. and Dutta, Supratik and Gross, Michael L. and Bowman, Gregory R.",
  title   = "Modelling proteins{'} hidden conformations to predict antibiotic resistance",
  year    = "2016",
  journal = "Nat. Commun.",
  volume  = "7",
  number  = "",
  pages   = "12965",
  doi     = "10.1038/ncomms12965",
  
}

@article{2016-mbar-volumes,
  author  = "Martiniani, Stefano and Schrenk, K. Julian and Stevenson, Jacob D. and Wales, David J. and Frenkel, Daan",
  title   = "Structural analysis of high-dimensional basins of attraction",
  year    = "2016",
  journal = "Phys. Rev. E",
  volume  = "94",
  number  = "3",
  pages   = "",
  doi     = "10.1103/PhysRevE.94.031301",
  
}

@unpublished{2016-guttenberg-deep-slow,
  author  = "Guttenberg, Nicholas and Biehl, Martin and Kanai, Ryota",
  title   = "Neural Coarse-Graining: Extracting slowly-varying latent degrees of
  freedom with neural networks",
  year    = "2016",
  
  volume  = "",
  number  = "",
  pages   = "",
  doi     = "",
  note    = "arXiv:1609.00116",
}

@unpublished{arxiv:1511.06349,
  author  = "Bowman, Samuel R. and Vilnis, Luke and Vinyals, Oriol and Dai, Andrew M. and Jozefowicz, Rafal and Bengio, Samy",
  title   = "Generating Sentences from a Continuous Space",
  year    = "2015",
  
  volume  = "",
  number  = "",
  pages   = "",
  doi     = "",
  note    = "arXiv:1511.06349",
}

@unpublished{2014-ganguli-saddle-points,
  author  = "Dauphin, Yann and Pascanu, Razvan and Gulcehre, Caglar and Cho, Kyunghyun and Ganguli, Surya and Bengio, Yoshua",
  title   = "Identifying and attacking the saddle point problem in high-dimensional
  non-convex optimization",
  year    = "2014",
  
  volume  = "",
  number  = "",
  pages   = "",
  doi     = "",
  note    = "arXiv:1406.2572",
}


