

@article{2017-tica-metadynamics,
  author  = "M. Sultan, Mohammad and Pande, Vijay S.",
  title   = "{tICA}-Metadynamics: Accelerating Metadynamics by Using Kinetically Selected Collective Variables",
  year    = "2017",
  journal = "J. Chem. Theory Comput.",
  volume  = "13",
  number  = "6",
  pages   = "2440--2447",
  doi     = "10.1021/acs.jctc.7b00182",
  
}

@article{2016-noe-reversible-tica,
  author  = "Wu, Hao and N{\"u}ske, Feliks and Paul, Fabian and Klus, Stefan and Koltai, P{\'e}ter and No{\'e}, Frank",
  title   = "Variational Koopman models: Slow collective variables and molecular kinetics from short off-equilibrium simulations",
  year    = "2017",
  journal = "J. Chem. Phys.",
  volume  = "146",
  number  = "15",
  pages   = "154104",
  doi     = "10.1063/1.4979344",
  note    = "arXiv:1610.06773",
}

@article{2017-set-free-msm,
  author  = "Weber, Marcus and Fackeldey, Konstantin and Sch{\"u}tte, Christof",
  title   = "Set-free Markov state model building",
  year    = "2017",
  journal = "J. Chem. Phys.",
  volume  = "146",
  number  = "12",
  pages   = "124133",
  doi     = "10.1063/1.4978501",
  
}

@article{2016-sparsetica,
  author  = "McGibbon, Robert T. and Husic, Brooke E. and Pande, Vijay S.",
  title   = "Identification of simple reaction coordinates from complex dynamics",
  year    = "2017",
  journal = "J. Chem. Phys.",
  volume  = "146",
  number  = "4",
  pages   = "044109",
  doi     = "10.1063/1.4974306",
  note    = "arXiv:1602.08776",
}

@article{2016-husic-msms,
  author  = "Husic, Brooke E. and McGibbon, Robert T. and Sultan, Mohammad M. and Pande, Vijay S.",
  title   = "Optimized parameter selection reveals trends in Markov state models for protein folding",
  year    = "2016",
  journal = "J. Chem. Phys.",
  volume  = "145",
  number  = "19",
  pages   = "194103",
  doi     = "10.1063/1.4967809",
  
}

@article{2016-commute-maps,
  author  = "No{\'e}, Frank and Banisch, Ralf and Clementi, Cecilia",
  title   = "Commute Maps: Separating Slowly Mixing Molecular Configurations for Kinetic Modeling",
  year    = "2016",
  journal = "J. Chem. Theory Comput.",
  volume  = "12",
  number  = "11",
  pages   = "5620--5630",
  doi     = "10.1021/acs.jctc.6b00762",
  
}

@misc{2016-mcgibbon-notes,
  author  = "McGibbon, Robert",
  title   = "Notes on the Theory of Markov Chains in a Continuous State Space",
  year    = "2016",
  
  volume  = "",
  number  = "",
  pages   = "",
  doi     = "",
  
}

@article{2015-uncertainty-estimation,
  author  = "Trendelkamp-Schroer, Benjamin and Wu, Hao and Paul, Fabian and No{\'e}, Frank",
  title   = "Estimation and uncertainty of reversible Markov models",
  year    = "2015",
  journal = "J. Chem. Phys.",
  volume  = "143",
  number  = "17",
  pages   = "174101",
  doi     = "10.1063/1.4934536",
  
}

@article{2015-amino-acid-basis,
  author  = "Vitalini, F. and No{\'e}, F. and Keller, B. G.",
  title   = "A Basis Set for Peptides for the Variational Approach to Conformational Kinetics",
  year    = "2015",
  journal = "J. Chem. Theory Comput.",
  volume  = "11",
  number  = "9",
  pages   = "3992--4004",
  doi     = "10.1021/acs.jctc.5b00498",
  
}

@article{2015-ratematrix,
  author  = "McGibbon, Robert T. and Pande, Vijay S.",
  title   = "Efficient maximum likelihood parameterization of continuous-time Markov processes",
  year    = "2015",
  journal = "J. Chem. Phys.",
  volume  = "143",
  number  = "3",
  pages   = "034109",
  doi     = "10.1063/1.4926516",
  
}

@article{2015-schutte-msm,
  author  = "Sch{\"u}tte, Ch. and Sarich, M.",
  title   = "A critical appraisal of Markov state models",
  year    = "2015",
  journal = "The European Physical Journal Special Topics",
  volume  = "224",
  number  = "12",
  pages   = "2445--2462",
  doi     = "10.1140/epjst/e2015-02421-0",
  
}

@unpublished{2015-kinetic-mapping,
  author  = "Noe, Frank and Clementi, Cecilia",
  title   = "Kinetic distance and kinetic maps from molecular dynamics simulation",
  year    = "2015",
  
  volume  = "",
  number  = "",
  pages   = "",
  doi     = "",
  note    = "arXiv:1506.06259",
}

@article{2015-mcgibbon-gmrq,
  author  = "McGibbon, Robert T. and Pande, Vijay S.",
  title   = "Variational cross-validation of slow dynamical modes in molecular kinetics",
  year    = "2015",
  journal = "J. Chem. Phys.",
  volume  = "142",
  number  = "12",
  pages   = "124105",
  doi     = "10.1063/1.4916292",
  
}

@article{2015-wetmsm,
  author  = "Harrigan, Matthew P. and Shukla, Diwakar and Pande, Vijay S.",
  title   = "Conserve Water: A Method for the Analysis of Solvent in Molecular Dynamics",
  year    = "2015",
  journal = "J. Chem. Theory Comput.",
  volume  = "11",
  number  = "3",
  pages   = "1094--1101",
  doi     = "10.1021/ct5010017",
  
}

@article{2015-gaussian-msms,
  author  = "Wu, Hao and No{\'e}, Frank",
  title   = "Gaussian Markov transition models of molecular kinetics",
  year    = "2015",
  journal = "J. Chem. Phys.",
  volume  = "142",
  number  = "8",
  pages   = "084104",
  doi     = "10.1063/1.4913214",
  
}

@article{2015-shukla-msm-review,
  author  = "Shukla, Diwakar and Hern{\'a}ndez, Carlos X. and Weber, Jeffrey K. and Pande, Vijay S.",
  title   = "Markov State Models Provide Insights into Dynamic Modulation of Protein Function",
  year    = "2015",
  journal = "Acc. Chem. Res.",
  volume  = "48",
  number  = "2",
  pages   = "414--422",
  doi     = "10.1021/ar5002999",
  
}

@article{2015-schwantes-ktica,
  author  = "Schwantes, Christian R. and Pande, Vijay S.",
  title   = "Modeling Molecular Kinetics with {tICA} and the Kernel Trick",
  year    = "2015",
  journal = "J. Chem. Theory Comput.",
  volume  = "11",
  number  = "2",
  pages   = "600--608",
  doi     = "10.1021/ct5007357",
  
}

@article{2014-msm-perspective,
  author  = "Schwantes, C. R. and McGibbon, R. T. and Pande, V. S.",
  title   = "Perspective: Markov models for long-timescale biomolecular dynamics",
  year    = "2014",
  journal = "J. Chem. Phys.",
  volume  = "141",
  number  = "9",
  pages   = "090901",
  doi     = "10.1063/1.4895044",
  
}

@article{2014-mcgibbon-bic,
  author  = "McGibbon, Robert T. and Schwantes, Christian R. and Pande, Vijay S.",
  title   = "Statistical Model Selection for Markov Models of Biomolecular Dynamics",
  year    = "2014",
  journal = "J. Phys. Chem. B",
  volume  = "118",
  number  = "24",
  pages   = "6475--6481",
  doi     = "10.1021/jp411822r",
  
}

@article{2014-nuske-variational,
  author  = "N{\"u}ske, Feliks and Keller, Bettina G. and P{\'e}rez-Hern{\'a}ndez, Guillermo and Mey, Antonia S. J. S. and No{\'e}, Frank",
  title   = "Variational Approach to Molecular Kinetics",
  year    = "2014",
  journal = "J. Chem. Theory Comput.",
  volume  = "10",
  number  = "4",
  pages   = "1739--1752",
  doi     = "10.1021/ct4009156",
  
}

@article{2014-chodera-msm,
  author  = "Chodera, John D and No{\'e}, Frank",
  title   = "Markov state models of biomolecular conformational dynamics",
  year    = "2014",
  journal = "Curr. Opin. Struct. Biol.",
  volume  = "25",
  number  = "",
  pages   = "135--144",
  doi     = "10.1016/j.sbi.2014.04.002",
  
}

@article{2014-prinz-rate,
  author  = "Prinz, Jan-Hendrik and Chodera, John D. and No{\'e}, Frank",
  title   = "Spectral Rate Theory for Two-State Kinetics",
  year    = "2014",
  journal = "Physical Review X",
  volume  = "4",
  number  = "1",
  pages   = "",
  doi     = "10.1103/PhysRevX.4.011020",
  
}

@article{2014-kohlhoff-exacycle,
  author  = "Kohlhoff, Kai J. and Shukla, Diwakar and Lawrenz, Morgan and Bowman, Gregory R. and Konerding, David E. and Belov, Dan and Altman, Russ B. and Pande, Vijay S.",
  title   = "Cloud-based simulations on Google Exacycle reveal ligand modulation of {GPCR} activation pathways",
  year    = "2013",
  journal = "Nature Chem.",
  volume  = "6",
  number  = "1",
  pages   = "15--21",
  doi     = "10.1038/nchem.1821",
  
}

@article{2013-noe-hmm,
  author  = "No{\'e}, Frank and Wu, Hao and Prinz, Jan-Hendrik and Plattner, Nuria",
  title   = "Projected and hidden Markov models for calculating kinetics and metastable states of complex molecules",
  year    = "2013",
  journal = "J. Chem. Phys.",
  volume  = "139",
  number  = "18",
  pages   = "184114",
  doi     = "10.1063/1.4828816",
  
}

@article{2013-diffusion-map-sampling,
  author  = "Zheng, Wenwei and Rohrdanz, Mary A. and Clementi, Cecilia",
  title   = "Rapid Exploration of Configuration Space with Diffusion-Map-Directed Molecular Dynamics",
  year    = "2013",
  journal = "J. Phys. Chem. B",
  volume  = "117",
  number  = "42",
  pages   = "12769--12776",
  doi     = "10.1021/jp401911h",
  
}

@article{2013-mcgibbon-kdml,
  author  = "McGibbon, Robert T. and Pande, Vijay S.",
  title   = "Learning Kinetic Distance Metrics for Markov State Models of Protein Conformational Dynamics",
  year    = "2013",
  journal = "J. Chem. Theory Comput.",
  volume  = "9",
  number  = "7",
  pages   = "2900--2906",
  doi     = "10.1021/ct400132h",
  
}

@article{2013-noe-tica,
  author  = "P{\'e}rez-Hern{\'a}ndez, Guillermo and Paul, Fabian and Giorgino, Toni and De Fabritiis, Gianni and No{\'e}, Frank",
  title   = "Identification of slow molecular order parameters for Markov model construction",
  year    = "2013",
  journal = "J. Chem. Phys.",
  volume  = "139",
  number  = "1",
  pages   = "015102",
  doi     = "10.1063/1.4811489",
  
}

@article{2013-schwantes-tica,
  author  = "Schwantes, Christian R. and Pande, Vijay S.",
  title   = "Improvements in Markov State Model Construction Reveal Many Non-Native Interactions in the Folding of {NTL9}",
  year    = "2013",
  journal = "J. Chem. Theory Comput.",
  volume  = "9",
  number  = "4",
  pages   = "2000--2009",
  doi     = "10.1021/ct300878a",
  
}

@article{2013-milliseconds-folding,
  author  = "Lane, Thomas J and Shukla, Diwakar and Beauchamp, Kyle A and Pande, Vijay S",
  title   = "To milliseconds and beyond: challenges in the simulation of protein folding",
  year    = "2013",
  journal = "Curr. Opin. Struct. Biol.",
  volume  = "23",
  number  = "1",
  pages   = "58--65",
  doi     = "10.1016/j.sbi.2012.11.002",
  
}

@article{2013-noe-variational,
  author  = "No{\'e}, Frank and N{\"u}ske, Feliks",
  title   = "A Variational Approach to Modeling Slow Processes in Stochastic Dynamical Systems",
  year    = "2013",
  journal = "Multiscale Model. Simul.",
  volume  = "11",
  number  = "2",
  pages   = "635--655",
  doi     = "10.1137/110858616",
  
}

@book-chapter{2013-meshless-msm,
  author  = "Fackeldey, Konstantin and Bujotzek, Alexander and Weber, Marcus",
  title   = "A Meshless Discretization Method for Markov State Models Applied to Explicit Water Peptide Folding Simulations",
  year    = "2012",
  journal = "Lect. Notes Comput. Sci. Eng.",
  volume  = "",
  number  = "",
  pages   = "141--154",
  doi     = "10.1007/978-3-642-32979-1_9",
  
}

@article{2012-drid,
  author  = "Zhou, Ting and Caflisch, Amedeo",
  title   = "Distribution of Reciprocal of Interatomic Distances: A Fast Structural Metric",
  year    = "2012",
  journal = "J. Chem. Theory Comput.",
  volume  = "8",
  number  = "8",
  pages   = "2930--2937",
  doi     = "10.1021/ct3003145",
  
}

@inproceedings{2012-nystroem,
  author  = "Yang, Tianbao and Li, Yu-Feng and Mahdavi, Mehrdad and Jin, Rong and Zhou, Zhi-Hua",
  title   = "Nystr{\"o}m method vs random fourier features: A theoretical and empirical comparison",
  year    = "2012",
  journal = "Advances in Neural Information Processing Systems",
  volume  = "",
  number  = "",
  pages   = "476--484",
  doi     = "",
  
}

@article{2012-eigenvalue-error,
  author  = "Djurdjevac, Natasa and Sarich, Marco and Sch{\"u}tte, Christof",
  title   = "Estimating the Eigenvalue Error of Markov State Models",
  year    = "2012",
  journal = "Multiscale Model. Simul.",
  volume  = "10",
  number  = "1",
  pages   = "61--81",
  doi     = "10.1137/100798910",
  
}

@article{2011-meshless-msm,
  author  = "Fackeldey, Konstantin and R{\"o}blitz, Susanna and Scharkoi, Olga and Weber, Marcus",
  title   = "Soft Versus Hard Metastable Conformations in Molecular Simulations",
  year    = "2011",
  
  volume  = "",
  number  = "",
  pages   = "",
  doi     = "",
  
}

@article{2011-prinz,
  author  = "Prinz, Jan-Hendrik and Wu, Hao and Sarich, Marco and Keller, Bettina and Senne, Martin and Held, Martin and Chodera, John D. and Sch{\"u}tte, Christof and No{\'e}, Frank",
  title   = "Markov models of molecular kinetics: Generation and validation",
  year    = "2011",
  journal = "J. Chem. Phys.",
  volume  = "134",
  number  = "17",
  pages   = "174105",
  doi     = "10.1063/1.3565032",
  
}

@article{2011-rohrdanz-diffusion-maps,
  author  = "Rohrdanz, Mary A. and Zheng, Wenwei and Maggioni, Mauro and Clementi, Cecilia",
  title   = "Determination of reaction coordinates via locally scaled diffusion map",
  year    = "2011",
  journal = "J. Chem. Phys.",
  volume  = "134",
  number  = "12",
  pages   = "124116",
  doi     = "10.1063/1.3569857",
  
}

@article{2011-japan-tica,
  author  = "Naritomi, Yusuke and Fuchigami, Sotaro",
  title   = "Slow dynamics in protein fluctuations revealed by time-structure based independent component analysis: The case of domain motions",
  year    = "2011",
  journal = "J. Chem. Phys.",
  volume  = "134",
  number  = "6",
  pages   = "065101",
  doi     = "10.1063/1.3554380",
  
}

@article{2010-pande-folding,
  author  = "Pande, Vijay S.",
  title   = "Simple Theory of Protein Folding Kinetics",
  year    = "2010",
  journal = "Phys. Rev. Lett.",
  volume  = "105",
  number  = "19",
  pages   = "",
  doi     = "10.1103/PhysRevLett.105.198101",
  
}

@article{2010-schulten-challenges,
  author  = "Freddolino, Peter L. and Harrison, Christopher B. and Liu, Yanxin and Schulten, Klaus",
  title   = "Challenges in protein-folding simulations",
  year    = "2010",
  journal = "Nat. Phys.",
  volume  = "6",
  number  = "10",
  pages   = "751--758",
  doi     = "10.1038/nphys1713",
  
}

@article{2010-everything-msm-afraid-ask,
  author  = "Pande, Vijay S. and Beauchamp, Kyle and Bowman, Gregory R.",
  title   = "Everything you wanted to know about Markov State Models but were afraid to ask",
  year    = "2010",
  journal = "Methods",
  volume  = "52",
  number  = "1",
  pages   = "99--105",
  doi     = "10.1016/j.ymeth.2010.06.002",
  
}

@article{2010-gpugrid,
  author  = "Buch, I. and Harvey, M. J. and Giorgino, T. and Anderson, D. P. and De Fabritiis, G.",
  title   = "High-Throughput All-Atom Molecular Dynamics Simulations Using Distributed Computing",
  year    = "2010",
  journal = "J. Chem. Inf. Model.",
  volume  = "50",
  number  = "3",
  pages   = "397--403",
  doi     = "10.1021/ci900455r",
  
}

@article{2010-msm-error,
  author  = "Sarich, Marco and No{\'e}, Frank and Sch{\"u}tte, Christof",
  title   = "On the Approximation Quality of Markov State Models",
  year    = "2010",
  journal = "Multiscale Model. Simul.",
  volume  = "8",
  number  = "4",
  pages   = "1154--1177",
  doi     = "10.1137/090764049",
  
}

@article{2009-plenty-of-room-focus,
  author  = "",
  title   = "{'Plenty} of room' revisited",
  year    = "2009",
  journal = "Nat. Nanotechnol.",
  volume  = "4",
  number  = "12",
  pages   = "781--781",
  doi     = "10.1038/nnano.2009.356",
  
}

@article{2009-friedrichs-gpu,
  author  = "Friedrichs, Mark S. and Eastman, Peter and Vaidyanathan, Vishal and Houston, Mike and Legrand, Scott and Beberg, Adam L. and Ensign, Daniel L. and Bruns, Christopher M. and Pande, Vijay S.",
  title   = "Accelerating molecular dynamic simulation on graphics processing units",
  year    = "2009",
  journal = "J. Comput. Chem.",
  volume  = "30",
  number  = "6",
  pages   = "864--872",
  doi     = "10.1002/jcc.21209",
  
}

@article{2009-md-perspective,
  author  = "Klepeis, John L and Lindorff-Larsen, Kresten and Dror, Ron O and Shaw, David E",
  title   = "Long-timescale molecular dynamics simulations of protein structure and function",
  year    = "2009",
  journal = "Curr. Opin. Struct. Biol.",
  volume  = "19",
  number  = "2",
  pages   = "120--127",
  doi     = "10.1016/j.sbi.2009.03.004",
  
}

@article{2009-eastman-gpu,
  author  = "Eastman, Peter and Pande, Vijay S.",
  title   = "Efficient nonbonded interactions for molecular dynamics on a graphics processing unit",
  year    = "2009",
  journal = "J. Comput. Chem.",
  volume  = "",
  number  = "",
  pages   = "NA--NA",
  doi     = "10.1002/jcc.21413",
  
}

@article{2008-anton,
  author  = "Shaw, David E. and Chao, Jack C. and Eastwood, Michael P. and Gagliardo, Joseph and Grossman, J. P. and Ho, C. Richard and Lerardi, Douglas J. and Kolossv{\'a}ry, Istv{\'a}n and Klepeis, John L. and Layman, Timothy and McLeavey, Christine and Deneroff, Martin M. and Moraes, Mark A. and Mueller, Rolf and Priest, Edward C. and Shan, Yibing and Spengler, Jochen and Theobald, Michael and Towles, Brian and Wang, Stanley C. and Dror, Ron O. and Kuskin, Jeffrey S. and Larson, Richard H. and Salmon, John K. and Young, Cliff and Batson, Brannon and Bowers, Kevin J.",
  title   = "Anton, a special-purpose machine for molecular dynamics simulation",
  year    = "2008",
  journal = "Commun. ACM",
  volume  = "51",
  number  = "7",
  pages   = "91",
  doi     = "10.1145/1364782.1364802",
  
}

@article{2008-protein-folding-problem,
  author  = "Dill, Ken A. and Ozkan, S. Banu and Shell, M. Scott and Weikl, Thomas R.",
  title   = "The Protein Folding Problem",
  year    = "2008",
  journal = "Annu. Rev. Biophys.",
  volume  = "37",
  number  = "1",
  pages   = "289--316",
  doi     = "10.1146/annurev.biophys.37.092707.153558",
  
}

@article{2008-anderson-gpu,
  author  = "Anderson, Joshua A. and Lorenz, Chris D. and Travesset, A.",
  title   = "General purpose molecular dynamics simulations fully implemented on graphics processing units",
  year    = "2008",
  journal = "J. Comput. Phys.",
  volume  = "227",
  number  = "10",
  pages   = "5342--5359",
  doi     = "10.1016/j.jcp.2008.01.047",
  
}

@article{2007-stone-gpu,
  author  = "Stone, John E. and Phillips, James C. and Freddolino, Peter L. and Hardy, David J. and Trabuco, Leonardo G. and Schulten, Klaus",
  title   = "Accelerating molecular modeling applications with graphics processors",
  year    = "2007",
  journal = "J. Comput. Chem.",
  volume  = "28",
  number  = "16",
  pages   = "2618--2640",
  doi     = "10.1002/jcc.20829",
  
}

@article{2006-nadler-diffusion-maps,
  author  = "Nadler, Boaz and Lafon, St{\'e}phane and Coifman, Ronald R. and Kevrekidis, Ioannis G.",
  title   = "Diffusion maps, spectral clustering and reaction coordinates of dynamical systems",
  year    = "2006",
  journal = "Appl. Comput. Harmon. Anal.",
  volume  = "21",
  number  = "1",
  pages   = "113--127",
  doi     = "10.1016/j.acha.2005.07.004",
  
}

@phdthesis{2006-meshless-msm-thesis,
  author  = "Weber, Marcus",
  title   = "Meshless Methods in Conformational Dynamics",
  year    = "2006",
  
  volume  = "",
  number  = "",
  pages   = "",
  doi     = "",
  
}

@article{2005-pcca,
  author  = "Deuflhard, Peter and Weber, Marcus",
  title   = "Robust Perron cluster analysis in conformation dynamics",
  year    = "2005",
  journal = "Linear Algebra Appl.",
  volume  = "398",
  number  = "",
  pages   = "161--184",
  doi     = "10.1016/j.laa.2004.10.026",
  
}

@article{2004-swope-msm,
  author  = "Swope, William C. and Pitera, Jed W. and Suits, Frank",
  title   = "Describing Protein Folding Kinetics by Molecular Dynamics Simulations. 1. Theory†",
  year    = "2004",
  journal = "J. Phys. Chem. B",
  volume  = "108",
  number  = "21",
  pages   = "6571--6581",
  doi     = "10.1021/jp037421y",
  
}

@article{2004-nina-msm,
  author  = "Singhal, Nina and Snow, Christopher D. and Pande, Vijay S.",
  title   = "Using path sampling to build better Markovian state models: Predicting the folding rate and mechanism of a tryptophan zipper beta hairpin",
  year    = "2004",
  journal = "J. Chem. Phys.",
  volume  = "121",
  number  = "1",
  pages   = "415",
  doi     = "10.1063/1.1738647",
  
}

@inproceedings{2001-nystroem,
  author  = "Williams, Christopher K. I. and Seeger, Matthias",
  title   = "Using the Nystr{\"o}m Method to Speed Up Kernel Machines",
  year    = "2001",
  journal = "Advances in Neural Information Processing Systems",
  volume  = "13",
  number  = "",
  pages   = "682--688",
  doi     = "",
  
}

@book-chapter{2001-schutte-variational,
  author  = "Sch{\"u}tte, Ch. and Huisinga, W. and Deuflhard, P.",
  title   = "Transfer Operator Approach to Conformational Dynamics in Biomolecular Systems",
  year    = "2001",
  journal = "Ergodic Theory, Analysis, and Efficient Simulation of Dynamical Systems",
  volume  = "",
  number  = "",
  pages   = "191--223",
  doi     = "10.1007/978-3-642-56589-2_9",
  
}

@article{2000-fah,
  author  = "Shirts, M.",
  title   = "{COMPUTING:} Screen Savers of the World Unite!",
  year    = "2000",
  journal = "Science",
  volume  = "290",
  number  = "5498",
  pages   = "1903--1904",
  doi     = "10.1126/science.290.5498.1903",
  
}

@article{2000-pcca,
  author  = "Deuflhard, P. and Huisinga, W. and Fischer, A. and Sch{\"u}tte, Ch.",
  title   = "Identification of almost invariant aggregates in reversible nearly uncoupled Markov chains",
  year    = "2000",
  journal = "Linear Algebra Appl.",
  volume  = "315",
  number  = "1-3",
  pages   = "39--59",
  doi     = "10.1016/S0024-3795(00)00095-1",
  
}

@article{1999-schutte-msm,
  author  = "Sch{\"u}tte, Ch and Fischer, A and Huisinga, W and Deuflhard, P",
  title   = "A Direct Approach to Conformational Dynamics Based on Hybrid Monte Carlo",
  year    = "1999",
  journal = "J. Comput. Phys.",
  volume  = "151",
  number  = "1",
  pages   = "146--168",
  doi     = "10.1006/jcph.1999.6231",
  
}

@article{1998-scholkopf-kernel-pca,
  author  = "Sch{\"o}lkopf, Bernhard and Smola, Alexander and M{\"u}ller, Klaus-Robert",
  title   = "Nonlinear Component Analysis as a Kernel Eigenvalue Problem",
  year    = "1998",
  journal = "Neural Comput.",
  volume  = "10",
  number  = "5",
  pages   = "1299--1319",
  doi     = "10.1162/089976698300017467",
  
}

@article{1991-complex-protein-energy-landscapes,
  author  = "Frauenfelder, H and Sligar, S. and Wolynes, P.",
  title   = "The energy landscapes and motions of proteins",
  year    = "1991",
  journal = "Science",
  volume  = "254",
  number  = "5038",
  pages   = "1598--1603",
  doi     = "10.1126/science.1749933",
  
}

@book{1989-szabo-ostlund-qm,
  author  = "Szabo, Attila and Ostlund, Neil S.",
  title   = "Modern Quantum Chemistry: Introduction to Advanced Electronic Structure Theory",
  year    = "1989",
  
  volume  = "",
  number  = "",
  pages   = "",
  doi     = "",
  
}

@article{2014-mcgibbon-hmm,
  author  = "McGibbon, Robert and Ramsundar, Bharath and Sultan, Mohammad and Kiss, Gert and Pande, Vijay",
  title   = "Understanding Protein Dynamics with L1-Regularized Reversible Hidden Markov Models",
  
  volume  = "32",
  number  = "2",
  pages   = "1197--1205",
  doi     = "",
  
}

@article{2987-van-kampen-book,
  author  = "Van-Kampen, N G",
  title   = "Stochastic Processes in Physics and Chemistry",
  
  volume  = "",
  number  = "",
  pages   = "",
  doi     = "",
  
}

@article{1992-levinthal-paradox,
  author  = "Zwanzig, R. and Szabo, A. and Bagchi, B.",
  title   = "Levinthal's paradox",
  journal = "Proc. Natl. Acad. Sci. U.S.A.",
  volume  = "89",
  number  = "1",
  pages   = "20--22",
  doi     = "",
  
}

@posted-content{2017-lktica,
  author  = "Harrigan, Matthew P and Pande, Vijay S",
  title   = "Landmark Kernel {tICA} For Conformational Dynamics",
  journal = "bioRxiv",
  volume  = "",
  number  = "",
  pages   = "",
  doi     = "",
  
}

@article{1968-levinthal-paradox,
  author  = "Levinthal, C",
  title   = "",
  year    = "1968",
  journal = "J. Chim. Phys. Physico-Chim. Biol.",
  volume  = "65",
  number  = "",
  pages   = "44--45",
  doi     = "",
  
}

@proceedings-article{1968-shepard-method,
  author  = "Shepard, Donald",
  title   = "A two-dimensional interpolation function for irregularly-spaced data",
  year    = "1968",
  journal = "Proceedings of the 1968 23rd ACM national conference on   -",
  volume  = "",
  number  = "",
  pages   = "",
  doi     = "10.1145/800186.810616",
  
}

@article{1960-plenty-of-room-at-the-bottom,
  author  = "Feynman, Richard",
  title   = "There's Plenty of Room at the Bottom",
  year    = "1960",
  journal = "Engineering and Science",
  volume  = "23",
  number  = "5",
  pages   = "22--36",
  doi     = "",
  
}


