

@article{2014-shukla-src-kinase,
  author  = "Shukla, Diwakar and Meng, Yilin and Roux, Beno{\^\i}t and Pande, Vijay S.",
  title   = "Activation pathway of Src kinase reveals intermediate states as targets for drug design",
  year    = "2014",
  journal = "Nat. Commun.",
  volume  = "5",
  number  = "",
  pages   = "",
  doi     = "10.1038/ncomms4397",
  
}

@article{2011-kinase-review,
  author  = "Taylor, Susan S. and Kornev, Alexandr P.",
  title   = "Protein kinases: evolution of dynamic regulatory proteins",
  year    = "2011",
  journal = "Trends Biochem. Sci.",
  volume  = "36",
  number  = "2",
  pages   = "65--77",
  doi     = "10.1016/j.tibs.2010.09.006",
  
}

@article{2009-noe-equilibrium-from-short,
  author  = "Noe, F. and Schutte, C. and Vanden-Eijnden, E. and Reich, L. and Weikl, T. R.",
  title   = "Constructing the equilibrium ensemble of folding pathways from short off-equilibrium simulations",
  year    = "2009",
  journal = "Proc. Natl. Acad. Sci. U.S.A.",
  volume  = "106",
  number  = "45",
  pages   = "19011--19016",
  doi     = "10.1073/pnas.0905466106",
  
}

@article{2009-berezhkovskii-reactive-flux,
  author  = "Berezhkovskii, Alexander and Hummer, Gerhard and Szabo, Attila",
  title   = "Reactive flux and folding pathways in network models of coarse-grained protein dynamics",
  year    = "2009",
  journal = "J. Chem. Phys.",
  volume  = "130",
  number  = "20",
  pages   = "205102",
  doi     = "10.1063/1.3139063",
  
}

@article{2009-metzner-tpt,
  author  = "Metzner, Philipp and Sch{\"u}tte, Christof and Vanden-Eijnden, Eric",
  title   = "Transition Path Theory for Markov Jump Processes",
  year    = "2009",
  journal = "Multiscale Model. Simul.",
  volume  = "7",
  number  = "3",
  pages   = "1192--1219",
  doi     = "10.1137/070699500",
  
}

@article{1995-alpha-carbon,
  author  = "Flocco, Maria M. and Mowbray, Sherry L.",
  title   = "CÎ±-based torsion angles: A simple tool to analyze protein conformational changes",
  year    = "1995",
  journal = "Protein Sci.",
  volume  = "4",
  number  = "10",
  pages   = "2118--2122",
  doi     = "10.1002/pro.5560041017",
  
}


