

@article{2017-herg-structure,
  author  = "Wang, Weiwei and MacKinnon, Roderick",
  title   = "Cryo-{EM} Structure of the Open Human  Ether-{\`a}-go-go -Related K +  Channel {hERG}",
  year    = "2017",
  journal = "Cell",
  volume  = "169",
  number  = "3",
  pages   = "422--430.e10",
  doi     = "10.1016/j.cell.2017.03.048",
  
}

@article{2017-navab,
  author  = "Lenaeus, Michael J. and Gamal El-Din, Tamer M. and Ing, Christopher and Ramanadane, Karthik and Pom{\`e}s, R{\'e}gis and Zheng, Ning and Catterall, William A.",
  title   = "Structures of closed and open states of a voltage-gated sodium channel",
  year    = "2017",
  journal = "Proc. Natl. Acad. Sci. U.S.A.",
  volume  = "114",
  number  = "15",
  pages   = "E3051--E3060",
  doi     = "10.1073/pnas.1700761114",
  
}

@article{2017-open-full-navms,
  author  = "Sula, Altin and Booker, Jennifer and Ng, Leo C. T. and Naylor, Claire E. and DeCaen, Paul G. and Wallace, B. A.",
  title   = "The complete structure of an activated open sodium channel",
  year    = "2017",
  journal = "Nat. Commun.",
  volume  = "8",
  number  = "",
  pages   = "14205",
  doi     = "10.1038/ncomms14205",
  
}

@article{2017-euk-navpas,
  author  = "Shen, Huaizong and Zhou, Qiang and Pan, Xiaojing and Li, Zhangqiang and Wu, Jianping and Yan, Nieng",
  title   = "Structure of a eukaryotic voltage-gated sodium channel at near-atomic resolution",
  year    = "2017",
  journal = "Science",
  volume  = "355",
  number  = "6328",
  pages   = "eaal4326",
  doi     = "10.1126/science.aal4326",
  
}

@article{2017-vsd-only-pmf,
  author  = "Sun, Rui-Ning and Gong, Haipeng",
  title   = "Simulating the Activation of Voltage Sensing Domain for a Voltage-Gated Sodium Channel Using Polarizable Force Field",
  year    = "2017",
  journal = "J. Phys. Chem. Lett.",
  volume  = "8",
  number  = "5",
  pages   = "901--908",
  doi     = "10.1021/acs.jpclett.7b00023",
  
}

@article{2016-cav-structure,
  author  = "Wu, Jianping and Yan, Zhen and Li, Zhangqiang and Qian, Xingyang and Lu, Shan and Dong, Mengqiu and Zhou, Qiang and Yan, Nieng",
  title   = "Structure of the voltage-gated calcium channel Cav1.1 at 3.6â€‰{{{\AA}}} resolution",
  year    = "2016",
  journal = "Nature",
  volume  = "537",
  number  = "7619",
  pages   = "191--196",
  doi     = "10.1038/nature19321",
  
}

@article{2016-btx-insect,
  author  = "Zhang, Yongqiang and Du, Yuzhe and Jiang, Dingxin and Behnke, Caitlyn and Nomura, Yoshiko and Zhorov, Boris S. and Dong, Ke",
  title   = "The Receptor Site and Mechanism of Action of Sodium Channel Blocker Insecticides",
  year    = "2016",
  journal = "J. Biol. Chem.",
  volume  = "291",
  number  = "38",
  pages   = "20113--20124",
  doi     = "10.1074/jbc.M116.742056",
  
}

@article{2016-btx-frogs,
  author  = "Tarvin, Rebecca D. and Santos, Juan C. and O'Connell, Lauren A. and Zakon, Harold H. and Cannatella, David C.",
  title   = "Convergent Substitutions in a Sodium Channel Suggest Multiple Origins of Toxin Resistance in Poison Frogs",
  year    = "2016",
  journal = "Mol. Biol. Evol.",
  volume  = "33",
  number  = "4",
  pages   = "1068--1081",
  doi     = "10.1093/molbev/msv350",
  
}

@article{2015-cav-structure,
  author  = "Wu, J. and Yan, Z. and Li, Z. and Yan, C. and Lu, S. and Dong, M. and Yan, N.",
  title   = "Structure of the voltage-gated calcium channel Cav1.1 complex",
  year    = "2015",
  journal = "Science",
  volume  = "350",
  number  = "6267",
  pages   = "aad2395--aad2395",
  doi     = "10.1126/science.aad2395",
  
}

@article{2014-closed-navae1p,
  author  = "Shaya, David and Findeisen, Felix and Abderemane-Ali, Fayal and Arrigoni, Cristina and Wong, Stephanie and Nurva, Shailika Reddy and Loussouarn, Gildas and Minor, Daniel L.",
  title   = "Structure of a Prokaryotic Sodium Channel Pore Reveals Essential Gating Elements and an Outer Ion Binding Site Common to Eukaryotic Channels",
  year    = "2014",
  journal = "J. Mol. Biol.",
  volume  = "426",
  number  = "2",
  pages   = "467--483",
  doi     = "10.1016/j.jmb.2013.10.010",
  
}

@article{2013-open-pore-navms,
  author  = "Bagn{\'e}ris, Claire and DeCaen, Paul G. and Hall, Benjamin A. and Naylor, Claire E. and Clapham, David E. and Kay, Christopher W. M. and Wallace, B. A.",
  title   = "Role of the C-terminal domain in the structure and function of tetrameric sodium channels",
  year    = "2013",
  journal = "Nat. Commun.",
  volume  = "4",
  number  = "",
  pages   = "",
  doi     = "10.1038/ncomms3465",
  
}

@article{2012-partially-open-pore-navms,
  author  = "McCusker, Emily C. and Bagn{\'e}ris, Claire and Naylor, Claire E. and Cole, Ambrose R. and D'Avanzo, Nazzareno and Nichols, Colin G. and Wallace, B.A.",
  title   = "Structure of a bacterial voltage-gated sodium channel pore reveals mechanisms of opening and closing",
  year    = "2012",
  journal = "Nat. Commun.",
  volume  = "3",
  number  = "",
  pages   = "1102",
  doi     = "10.1038/ncomms2077",
  
}

@article{2012-closed-navrh,
  author  = "Zhang, Xu and Ren, Wenlin and DeCaen, Paul and Yan, Chuangye and Tao, Xiao and Tang, Lin and Wang, Jingjing and Hasegawa, Kazuya and Kumasaka, Takashi and He, Jianhua and Wang, Jiawei and Clapham, David E. and Yan, Nieng",
  title   = "Crystal structure of an orthologue of the {NaChBac} voltage-gated sodium channel",
  year    = "2012",
  journal = "Nature",
  volume  = "",
  number  = "",
  pages   = "",
  doi     = "10.1038/nature11054",
  
}

@article{2012-closed-asym-navab,
  author  = "Payandeh, Jian and Gamal El-Din, Tamer M. and Scheuer, Todd and Zheng, Ning and Catterall, William A.",
  title   = "Crystal structure of a voltage-gated sodium channel in two potentially inactivated states",
  year    = "2012",
  journal = "Nature",
  volume  = "",
  number  = "",
  pages   = "",
  doi     = "10.1038/nature11077",
  
}

@article{2012-vsd-mechanism,
  author  = "Yarov-Yarovoy, V. and DeCaen, P. G. and Westenbroek, R. E. and Pan, C.-Y. and Scheuer, T. and Baker, D. and Catterall, W. A.",
  title   = "Structural basis for gating charge movement in the voltage sensor of a sodium channel",
  year    = "2011",
  journal = "Proc. Natl. Acad. Sci. U.S.A.",
  volume  = "109",
  number  = "2",
  pages   = "E93--E102",
  doi     = "10.1073/pnas.1118434109",
  
}

@article{2011-closed-navab,
  author  = "Payandeh, Jian and Scheuer, Todd and Zheng, Ning and Catterall, William A.",
  title   = "The crystal structure of a voltage-gated sodium channel",
  year    = "2011",
  journal = "Nature",
  volume  = "475",
  number  = "7356",
  pages   = "353--358",
  doi     = "10.1038/nature10238",
  
}


