

@article{2017-fault-tolerant-computation,
  author  = "Campbell, Earl T. and Terhal, Barbara M. and Vuillot, Christophe",
  title   = "Roads towards fault-tolerant universal quantum computation",
  year    = "2017",
  journal = "Nature",
  volume  = "549",
  number  = "7671",
  pages   = "172--179",
  doi     = "10.1038/nature23460",
  
}

@article{2017-insight,
  author  = "Mueck, Leonie",
  title   = "Quantum software",
  year    = "2017",
  journal = "Nature",
  volume  = "549",
  number  = "7671",
  pages   = "171--171",
  doi     = "10.1038/549171a",
  
}

@article{2017-quantum-programming-language,
  author  = "Chong, Frederic T. and Franklin, Diana and Martonosi, Margaret",
  title   = "Programming languages and compiler design for realistic quantum hardware",
  year    = "2017",
  journal = "Nature",
  volume  = "549",
  number  = "7671",
  pages   = "180--187",
  doi     = "10.1038/nature23459",
  
}

@article{2017-rigetti-quantum-software,
  author  = "Zeng, Will and Johnson, Blake and Smith, Robert and Rubin, Nick and Reagor, Matt and Ryan, Colm and Rigetti, Chad",
  title   = "First quantum computers need smart software",
  year    = "2017",
  journal = "Nature",
  volume  = "549",
  number  = "7671",
  pages   = "149--151",
  doi     = "10.1038/549149a",
  
}

@article{2017-tunable,
  author  = "Sete, Eyob A. and Reagor, Matthew J. and Didier, Nicolas and Rigetti, Chad T.",
  title   = "Charge- and Flux-Insensitive Tunable Superconducting Qubit",
  year    = "2017",
  journal = "Physical Review Applied",
  volume  = "8",
  number  = "2",
  pages   = "",
  doi     = "10.1103/PhysRevApplied.8.024004",
  
}

@unpublished{2017-multi-qubit,
  author  = "Reagor, M. and Osborn, C. B. and Tezak, N. and Staley, A. and Prawiroatmodjo, G. and Scheer, M. and Alidoust, N. and Sete, E. A. and Didier, N. and Silva, M. P. da and Acala, E. and Angeles, J. and Bestwick, A. and Block, M. and Bloom, B. and Bradley, A. and Bui, C. and Caldwell, S. and Capelluto, L. and Chilcott, R. and Cordova, J. and Crossman, G. and Curtis, M. and Deshpande, S. and Bouayadi, T. El and Girshovich, D. and Hong, S. and Hudson, A. and Karalekas, P. and Kuang, K. and Lenihan, M. and Manenti, R. and Manning, T. and Marshall, J. and Mohan, Y. and O'Brien, W. and Otterbach, J. and Papageorge, A. and Paquette, J. -P. and Pelstring, M. and Polloreno, A. and Rawat, V. and Ryan, C. A. and Renzas, R. and Rubin, N. and Russell, D. and Rust, M. and Scarabelli, D. and Selvanayagam, M. and Sinclair, R. and Smith, R. and Suska, M. and To, T. -W. and Vahidpour, M. and Vodrahalli, N. and Whyland, T. and Yadav, K. and Zeng, W. and Rigetti, C. T.",
  title   = "Demonstration of Universal Parametric Entangling Gates on a Multi-Qubit
  Lattice",
  year    = "2017",
  
  volume  = "",
  number  = "",
  pages   = "",
  doi     = "",
  note    = "arXiv:1706.06570",
}

@proceedings-article{2016-scalable,
  author  = "Sete, Eyob A. and Zeng, William J. and Rigetti, Chad T.",
  title   = "A functional architecture for scalable quantum computing",
  year    = "2016",
  journal = "2016 IEEE International Conference on Rebooting Computing (ICRC)",
  volume  = "",
  number  = "",
  pages   = "",
  doi     = "10.1109/ICRC.2016.7738703",
  
}

@article{2016-quantum-ml,
  author  = "Dunjko, Vedran and Taylor, Jacob M. and Briegel, Hans J.",
  title   = "Quantum-Enhanced Machine Learning",
  year    = "2016",
  journal = "Phys. Rev. Lett.",
  volume  = "117",
  number  = "13",
  pages   = "",
  doi     = "10.1103/PhysRevLett.117.130501",
  
}

@unpublished{2016-quil,
  author  = "Smith, Robert S. and Curtis, Michael J. and Zeng, William J.",
  title   = "A Practical Quantum Instruction Set Architecture",
  year    = "2016",
  
  volume  = "",
  number  = "",
  pages   = "",
  doi     = "",
  note    = "arXiv:1608.03355",
}

@article{2016-h2-vqe,
  author  = "O{'}Malley, P. J. J. and Babbush, R. and Kivlichan, I. D. and Romero, J. and McClean, J. R. and Barends, R. and Kelly, J. and Roushan, P. and Tranter, A. and Ding, N. and Campbell, B. and Chen, Y. and Chen, Z. and Chiaro, B. and Dunsworth, A. and Fowler, A. G. and Jeffrey, E. and Lucero, E. and Megrant, A. and Mutus, J. Y. and Neeley, M. and Neill, C. and Quintana, C. and Sank, D. and Vainsencher, A. and Wenner, J. and White, T. C. and Coveney, P. V. and Love, P. J. and Neven, H. and Aspuru-Guzik, A. and Martinis, J. M.",
  title   = "Scalable Quantum Simulation of Molecular Energies",
  year    = "2016",
  journal = "Physical Review X",
  volume  = "6",
  number  = "3",
  pages   = "",
  doi     = "10.1103/PhysRevX.6.031007",
  
}

@article{2015-quipper,
  author  = "Valiron, Beno{\^\i}t and Ross, Neil J. and Selinger, Peter and Alexander, D. Scott and Smith, Jonathan M.",
  title   = "Programming the quantum future",
  year    = "2015",
  journal = "Commun. ACM",
  volume  = "58",
  number  = "8",
  pages   = "52--61",
  doi     = "10.1145/2699415",
  
}

@article{2013-superconducting-qubit-outlook,
  author  = "Devoret, M. H. and Schoelkopf, R. J.",
  title   = "Superconducting Circuits for Quantum Information: An Outlook",
  year    = "2013",
  journal = "Science",
  volume  = "339",
  number  = "6124",
  pages   = "1169--1174",
  doi     = "10.1126/science.1231930",
  
}

@article{2002-surface-code,
  author  = "Dennis, Eric and Kitaev, Alexei and Landahl, Andrew and Preskill, John",
  title   = "Topological quantum memory",
  year    = "2002",
  journal = "J. Math. Phys.",
  volume  = "43",
  number  = "9",
  pages   = "4452--4505",
  doi     = "10.1063/1.1499754",
  
}

@unpublished{1997-anyons,
  author  = "Kitaev, A. Yu.",
  title   = "Fault-tolerant quantum computation by anyons",
  year    = "1997",
  
  volume  = "",
  number  = "",
  pages   = "",
  doi     = "",
  note    = "arXiv:quant-ph/9707021",
}

@unpublished{1997-gottesman-thesis,
  author  = "Gottesman, Daniel",
  title   = "Stabilizer Codes and Quantum Error Correction",
  year    = "1997",
  
  volume  = "",
  number  = "",
  pages   = "",
  doi     = "",
  note    = "arXiv:quant-ph/9705052",
}

@book-chapter{1997-kitaev-error-correction,
  author  = "Kitaev, A. Yu.",
  title   = "Quantum Error Correction with Imperfect Gates",
  year    = "1997",
  journal = "Quantum Communication, Computing, and Measurement",
  volume  = "",
  number  = "",
  pages   = "181--188",
  doi     = "10.1007/978-1-4615-5923-8_19",
  
}

@article{1985-macroscopic-quantum-tunneling,
  author  = "Devoret, Michel H. and Martinis, John M. and Clarke, John",
  title   = "Measurements of Macroscopic Quantum Tunneling out of the Zero-Voltage State of a Current-Biased Josephson Junction",
  year    = "1985",
  journal = "Phys. Rev. Lett.",
  volume  = "55",
  number  = "18",
  pages   = "1908--1911",
  doi     = "10.1103/PhysRevLett.55.1908",
  
}


