

@article{2009-theobald-rmsd,
  author  = "Liu, Pu and Agrafiotis, Dimitris K. and Theobald, Douglas L.",
  title   = "Fast determination of the optimal rotational matrix for macromolecular superpositions",
  year    = "2009",
  journal = "J. Comput. Chem.",
  volume  = "",
  number  = "",
  pages   = "n/a--n/a",
  doi     = "10.1002/jcc.21439",
  
}

@article{2005-theobald-rmsd,
  author  = "Theobald, Douglas L.",
  title   = "Rapid calculation of {RMSDs} using a quaternion-based characteristic polynomial",
  year    = "2005",
  journal = "Acta Crystallogr., Sect. A: Found. Crystallogr.",
  volume  = "61",
  number  = "4",
  pages   = "478--480",
  doi     = "10.1107/S0108767305015266",
  
}

@article{2004-dill-rmsd,
  author  = "Coutsias, Evangelos A. and Seok, Chaok and Dill, Ken A.",
  title   = "Using quaternions to calculate {RMSD}",
  year    = "2004",
  journal = "J. Comput. Chem.",
  volume  = "25",
  number  = "15",
  pages   = "1849--1857",
  doi     = "10.1002/jcc.20110",
  
}

@article{1989-kearsley-rmsd,
  author  = "Kearsley, S. K.",
  title   = "On the orthogonal transformation used for structural comparisons",
  year    = "1989",
  journal = "Acta Crystallogr., Sect. A: Found. Crystallogr.",
  volume  = "45",
  number  = "2",
  pages   = "208--210",
  doi     = "10.1107/S0108767388010128",
  
}

@article{1988-diamond-rmsd,
  author  = "Diamond, R.",
  title   = "A note on the rotational superposition problem",
  year    = "1988",
  journal = "Acta Crystallogr., Sect. A: Found. Crystallogr.",
  volume  = "44",
  number  = "2",
  pages   = "211--216",
  doi     = "10.1107/S0108767387010535",
  
}

@article{1987-horn-rmsd,
  author  = "Horn, Berthold K. P.",
  title   = "Closed-form solution of absolute orientation using unit quaternions",
  year    = "1987",
  journal = "J. Opt. Soc. Amer. A",
  volume  = "4",
  number  = "4",
  pages   = "629",
  doi     = "10.1364/JOSAA.4.000629",
  
}

@article{1978-kabsch-rmsd,
  author  = "Kabsch, W.",
  title   = "A solution for the best rotation to relate two sets of vectors",
  year    = "1976",
  journal = "Acta Crystallogr. A",
  volume  = "32",
  number  = "5",
  pages   = "922--923",
  doi     = "10.1107/S0567739476001873",
  
}

@posted-content{2014-haque-fast-rmsd,
  author  = "Haque, Imran S and Beauchamp, Kyle A and Pande, Vijay S",
  title   = "A Fast 3 x N Matrix Multiply Routine for Calculation of Protein {RMSD}",
  journal = "bioRxiv",
  volume  = "",
  number  = "",
  pages   = "",
  doi     = "",
  
}


