

@article{2016-schwantes-nug2,
  author  = "Schwantes, Christian~R. and Shukla, Diwakar and Pande, Vijay~S.",
  title   = "Markov State Models and {tICA} Reveal a Nonnative Folding Nucleus in Simulations of {NuG2}",
  year    = "2016",
  journal = "Biophys. J.",
  volume  = "110",
  number  = "8",
  pages   = "1716--1719",
  doi     = "10.1016/j.bpj.2016.03.026",
  
}

@misc{2014-fs-peptide,
  author  = "McGibbon, Robert",
  title   = "Fs {MD} Trajectories",
  year    = "2014",
  
  volume  = "",
  number  = "",
  pages   = "",
  doi     = "10.6084/m9.figshare.1030363.v1",
  
}

@article{2011-larsen-folding,
  author  = "Lindorff-Larsen, K. and Piana, S. and Dror, R. O. and Shaw, D. E.",
  title   = "How Fast-Folding Proteins Fold",
  year    = "2011",
  journal = "Science",
  volume  = "334",
  number  = "6055",
  pages   = "517--520",
  doi     = "10.1126/science.1208351",
  
}

@article{2010-shaw-fip35-bpti,
  author  = "Shaw, D. E. and Maragakis, P. and Lindorff-Larsen, K. and Piana, S. and Dror, R. O. and Eastwood, M. P. and Bank, J. A. and Jumper, J. M. and Salmon, J. K. and Shan, Y. and Wriggers, W.",
  title   = "Atomic-Level Characterization of the Structural Dynamics of Proteins",
  year    = "2010",
  journal = "Science",
  volume  = "330",
  number  = "6002",
  pages   = "341--346",
  doi     = "10.1126/science.1187409",
  
}

@article{2006-noe-conf-change,
  author  = "No{\'e}, Frank and Krachtus, Dieter and Smith, Jeremy C. and Fischer, Stefan",
  title   = "Transition Networks for the Comprehensive Characterization of Complex Conformational Change in Proteins",
  year    = "2006",
  journal = "J. Chem. Theory Comput.",
  volume  = "2",
  number  = "3",
  pages   = "840--857",
  doi     = "10.1021/ct050162r",
  
}

@article{2005-myosin-motor,
  author  = "Fischer, S. and Windshugel, B. and Horak, D. and Holmes, K. C. and Smith, J. C.",
  title   = "Structural mechanism of the recovery stroke in the Myosin molecular motor",
  year    = "2005",
  journal = "Proc. Natl. Acad. Sci. U.S.A.",
  volume  = "102",
  number  = "19",
  pages   = "6873--6878",
  doi     = "10.1073/pnas.0408784102",
  
}


