

@phdthesis{2016-mcgibbon-thesis,
  author  = "McGibbon, Robert",
  title   = "Statistical models of protein conformational dynamics",
  year    = "2016",
  
  volume  = "",
  number  = "",
  pages   = "",
  doi     = "",
  
}

@phdthesis{2015-schwantes-thesis,
  author  = "Schwantes, Christian",
  title   = "Automated construction of order parameters for analyzing simulations of protein folding and water dynamics",
  year    = "2015",
  
  volume  = "",
  number  = "",
  pages   = "",
  doi     = "",
  
}

@phdthesis{2013-beauchamp-thesis,
  author  = "Beauchamp, Kyle",
  title   = "Inferring protein structure and dynamics from simulation and experiment",
  year    = "2013",
  
  volume  = "",
  number  = "",
  pages   = "",
  doi     = "",
  
}


@article{2016-schwantes-nug2,
  author  = "Schwantes, Christian~R. and Shukla, Diwakar and Pande, Vijay~S.",
  title   = "Markov State Models and {tICA} Reveal a Nonnative Folding Nucleus in Simulations of {NuG2}",
  year    = "2016",
  journal = "Biophys. J.",
  volume  = "110",
  number  = "8",
  pages   = "1716--1719",
  doi     = "10.1016/j.bpj.2016.03.026",
  
}

@article{2015-ratematrix,
  author  = "McGibbon, Robert T. and Pande, Vijay S.",
  title   = "Efficient maximum likelihood parameterization of continuous-time Markov processes",
  year    = "2015",
  journal = "J. Chem. Phys.",
  volume  = "143",
  number  = "3",
  pages   = "034109",
  doi     = "10.1063/1.4926516",
  
}

@article{2015-mcgibbon-gmrq,
  author  = "McGibbon, Robert T. and Pande, Vijay S.",
  title   = "Variational cross-validation of slow dynamical modes in molecular kinetics",
  year    = "2015",
  journal = "J. Chem. Phys.",
  volume  = "142",
  number  = "12",
  pages   = "124105",
  doi     = "10.1063/1.4916292",
  
}

@article{2015-schwantes-ktica,
  author  = "Schwantes, Christian R. and Pande, Vijay S.",
  title   = "Modeling Molecular Kinetics with {tICA} and the Kernel Trick",
  year    = "2015",
  journal = "J. Chem. Theory Comput.",
  volume  = "11",
  number  = "2",
  pages   = "600--608",
  doi     = "10.1021/ct5007357",
  
}

@article{2014-msm-perspective,
  author  = "Schwantes, C. R. and McGibbon, R. T. and Pande, V. S.",
  title   = "Perspective: Markov models for long-timescale biomolecular dynamics",
  year    = "2014",
  journal = "J. Chem. Phys.",
  volume  = "141",
  number  = "9",
  pages   = "090901",
  doi     = "10.1063/1.4895044",
  
}

@article{2014-mcgibbon-bic,
  author  = "McGibbon, Robert T. and Schwantes, Christian R. and Pande, Vijay S.",
  title   = "Statistical Model Selection for Markov Models of Biomolecular Dynamics",
  year    = "2014",
  journal = "J. Phys. Chem. B",
  volume  = "118",
  number  = "24",
  pages   = "6475--6481",
  doi     = "10.1021/jp411822r",
  
}

@article{2014-nuske-variational,
  author  = "N{\"u}ske, Feliks and Keller, Bettina G. and P{\'e}rez-Hern{\'a}ndez, Guillermo and Mey, Antonia S. J. S. and No{\'e}, Frank",
  title   = "Variational Approach to Molecular Kinetics",
  year    = "2014",
  journal = "J. Chem. Theory Comput.",
  volume  = "10",
  number  = "4",
  pages   = "1739--1752",
  doi     = "10.1021/ct4009156",
  
}

@article{2013-mcgibbon-kdml,
  author  = "McGibbon, Robert T. and Pande, Vijay S.",
  title   = "Learning Kinetic Distance Metrics for Markov State Models of Protein Conformational Dynamics",
  year    = "2013",
  journal = "J. Chem. Theory Comput.",
  volume  = "9",
  number  = "7",
  pages   = "2900--2906",
  doi     = "10.1021/ct400132h",
  
}

@article{2013-noe-tica,
  author  = "P{\'e}rez-Hern{\'a}ndez, Guillermo and Paul, Fabian and Giorgino, Toni and De Fabritiis, Gianni and No{\'e}, Frank",
  title   = "Identification of slow molecular order parameters for Markov model construction",
  year    = "2013",
  journal = "J. Chem. Phys.",
  volume  = "139",
  number  = "1",
  pages   = "015102",
  doi     = "10.1063/1.4811489",
  
}

@article{2013-schwantes-tica,
  author  = "Schwantes, Christian R. and Pande, Vijay S.",
  title   = "Improvements in Markov State Model Construction Reveal Many Non-Native Interactions in the Folding of {NTL9}",
  year    = "2013",
  journal = "J. Chem. Theory Comput.",
  volume  = "9",
  number  = "4",
  pages   = "2000--2009",
  doi     = "10.1021/ct300878a",
  
}

@article{2013-noe-variational,
  author  = "No{\'e}, Frank and N{\"u}ske, Feliks",
  title   = "A Variational Approach to Modeling Slow Processes in Stochastic Dynamical Systems",
  year    = "2013",
  journal = "Multiscale Model. Simul.",
  volume  = "11",
  number  = "2",
  pages   = "635--655",
  doi     = "10.1137/110858616",
  
}

@article{2011-prinz,
  author  = "Prinz, Jan-Hendrik and Wu, Hao and Sarich, Marco and Keller, Bettina and Senne, Martin and Held, Martin and Chodera, John D. and Sch{\"u}tte, Christof and No{\'e}, Frank",
  title   = "Markov models of molecular kinetics: Generation and validation",
  year    = "2011",
  journal = "J. Chem. Phys.",
  volume  = "134",
  number  = "17",
  pages   = "174105",
  doi     = "10.1063/1.3565032",
  
}

@article{2010-msm-error,
  author  = "Sarich, Marco and No{\'e}, Frank and Sch{\"u}tte, Christof",
  title   = "On the Approximation Quality of Markov State Models",
  year    = "2010",
  journal = "Multiscale Model. Simul.",
  volume  = "8",
  number  = "4",
  pages   = "1154--1177",
  doi     = "10.1137/090764049",
  
}

@article{doi:10.1162/neco.2006.18.10.2495,
  author  = "Blaschke, Tobias and Berkes, Pietro and Wiskott, Laurenz",
  title   = "What Is the Relation Between Slow Feature Analysis and Independent Component Analysis?",
  year    = "2006",
  journal = "Neural Comput.",
  volume  = "18",
  number  = "10",
  pages   = "2495--2508",
  doi     = "10.1162/neco.2006.18.10.2495",
  
}

@book-chapter{2001-schutte-variational,
  author  = "Sch{\"u}tte, Ch. and Huisinga, W. and Deuflhard, P.",
  title   = "Transfer Operator Approach to Conformational Dynamics in Biomolecular Systems",
  year    = "2001",
  journal = "Ergodic Theory, Analysis, and Efficient Simulation of Dynamical Systems",
  volume  = "",
  number  = "",
  pages   = "191--223",
  doi     = "10.1007/978-3-642-56589-2_9",
  
}

@article{1998-scholkopf-kernel-pca,
  author  = "Sch{\"o}lkopf, Bernhard and Smola, Alexander and M{\"u}ller, Klaus-Robert",
  title   = "Nonlinear Component Analysis as a Kernel Eigenvalue Problem",
  year    = "1998",
  journal = "Neural Comput.",
  volume  = "10",
  number  = "5",
  pages   = "1299--1319",
  doi     = "10.1162/089976698300017467",
  
}

@article{doi:10.1103/PhysRevLett.72.3634,
  author  = "Molgedey, L. and Schuster, H. G.",
  title   = "Separation of a mixture of independent signals using time delayed correlations",
  year    = "1994",
  journal = "Phys. Rev. Lett.",
  volume  = "72",
  number  = "23",
  pages   = "3634--3637",
  doi     = "10.1103/PhysRevLett.72.3634",
  
}

@book{1989-szabo-ostlund-qm,
  author  = "Szabo, Attila and Ostlund, Neil S.",
  title   = "Modern Quantum Chemistry: Introduction to Advanced Electronic Structure Theory",
  year    = "1989",
  
  volume  = "",
  number  = "",
  pages   = "",
  doi     = "",
  
}

@article{2014-mcgibbon-hmm,
  author  = "McGibbon, Robert and Ramsundar, Bharath and Sultan, Mohammad and Kiss, Gert and Pande, Vijay",
  title   = "Understanding Protein Dynamics with L1-Regularized Reversible Hidden Markov Models",
  
  volume  = "32",
  number  = "2",
  pages   = "1197--1205",
  doi     = "",
  
}


