

@article{2017-amber15fb,
  author  = "Wang, Lee-Ping and McKiernan, Keri A. and Gomes, Joseph and Beauchamp, Kyle A. and Head-Gordon, Teresa and Rice, Julia E. and Swope, William C. and Mart{\'\i}nez, Todd J. and Pande, Vijay S.",
  title   = "Building a More Predictive Protein Force Field: A Systematic and Reproducible Route to {AMBER}-{FB15}",
  year    = "2017",
  journal = "J. Phys. Chem. B",
  volume  = "121",
  number  = "16",
  pages   = "4023--4039",
  doi     = "10.1021/acs.jpcb.7b02320",
  
}

@article{2016-msmbuilder3,
  author  = "Harrigan, Matthew P. and Sultan, Mohammad M. and Hern{\'a}ndez, Carlos X. and Husic, Brooke E. and Eastman, Peter and Schwantes, Christian R. and Beauchamp, Kyle A. and McGibbon, Robert T. and Pande, Vijay S.",
  title   = "{MSMBuilder:} Statistical Models for Biomolecular Dynamics",
  year    = "2017",
  journal = "Biophys. J.",
  volume  = "112",
  number  = "1",
  pages   = "10--15",
  doi     = "10.1016/j.bpj.2016.10.042",
  
}

@article{2016-osprey,
  author  = "T. McGibbon, Robert and X. Hern{\'a}ndez, Carlos and P. Harrigan, Matthew and Kearnes, Steven and M. Sultan, Mohammad and Jastrzebski, Stanislaw and E. Husic, Brooke and S. Pande, Vijay",
  title   = "Osprey: Hyperparameter Optimization for Machine Learning",
  year    = "2016",
  journal = "The Journal of Open Source Software",
  volume  = "1",
  number  = "5",
  pages   = "",
  doi     = "10.21105/joss.00034",
  
}

@article{2015-ensembler,
  author  = "Parton, Daniel L. and Grinaway, Patrick B. and Hanson, Sonya M. and Beauchamp, Kyle A. and Chodera, John D.",
  title   = "Ensembler: Enabling High-Throughput Molecular Simulations at the Superfamily Scale",
  year    = "2016",
  journal = "PLoS Comput. Biol.",
  volume  = "12",
  number  = "6",
  pages   = "e1004728",
  doi     = "10.1371/journal.pcbi.1004728",
  
}

@unpublished{2016-tensorflow,
  author  = "Abadi, Mart{\'\i}n and Barham, Paul and Chen, Jianmin and Chen, Zhifeng and Davis, Andy and Dean, Jeffrey and Devin, Matthieu and Ghemawat, Sanjay and Irving, Geoffrey and Isard, Michael and Kudlur, Manjunath and Levenberg, Josh and Monga, Rajat and Moore, Sherry and Murray, Derek G. and Steiner, Benoit and Tucker, Paul and Vasudevan, Vijay and Warden, Pete and Wicke, Martin and Yu, Yuan and Zheng, Xiaoqiang",
  title   = "{TensorFlow:} A system for large-scale machine learning",
  year    = "2016",
  
  volume  = "",
  number  = "",
  pages   = "",
  doi     = "",
  note    = "arXiv:1605.08695",
}

@article{2016-htmd,
  author  = "Doerr, S. and Harvey, M. J. and No{\'e}, Frank and De Fabritiis, G.",
  title   = "{HTMD:} High-Throughput Molecular Dynamics for Molecular Discovery",
  year    = "2016",
  journal = "J. Chem. Theory Comput.",
  volume  = "12",
  number  = "4",
  pages   = "1845--1852",
  doi     = "10.1021/acs.jctc.6b00049",
  
}

@article{2016-charmm-gui,
  author  = "Lee, Jumin and Cheng, Xi and Swails, Jason M. and Yeom, Min Sun and Eastman, Peter K. and Lemkul, Justin A. and Wei, Shuai and Buckner, Joshua and Jeong, Jong Cheol and Qi, Yifei and Jo, Sunhwan and Pande, Vijay S. and Case, David A. and Brooks, Charles L. and MacKerell, Alexander D. and Klauda, Jeffery B. and Im, Wonpil",
  title   = "{CHARMM}-{GUI} Input Generator for {NAMD,} {GROMACS,} {AMBER,} {OpenMM,} and {CHARMM/OpenMM} Simulations Using the {CHARMM36} Additive Force Field",
  year    = "2016",
  journal = "J. Chem. Theory Comput.",
  volume  = "12",
  number  = "1",
  pages   = "405--413",
  doi     = "10.1021/acs.jctc.5b00935",
  
}

@article{2015-pyemma,
  author  = "Scherer, Martin K. and Trendelkamp-Schroer, Benjamin and Paul, Fabian and P{\'e}rez-Hern{\'a}ndez, Guillermo and Hoffmann, Moritz and Plattner, Nuria and Wehmeyer, Christoph and Prinz, Jan-Hendrik and No{\'e}, Frank",
  title   = "{PyEMMA} 2: A Software Package for Estimation, Validation, and Analysis of Markov Models",
  year    = "2015",
  journal = "J. Chem. Theory Comput.",
  volume  = "11",
  number  = "11",
  pages   = "5525--5542",
  doi     = "10.1021/acs.jctc.5b00743",
  
}

@article{2015-mdtraj,
  author  = "McGibbon, Robert~T. and Beauchamp, Kyle~A. and Harrigan, Matthew~P. and Klein, Christoph and Swails, Jason~M. and Hern{\'a}ndez, Carlos~X. and Schwantes, Christian~R. and Wang, Lee-Ping and Lane, Thomas~J. and Pande, Vijay~S.",
  title   = "{MDTraj:} A Modern Open Library for the Analysis of Molecular Dynamics Trajectories",
  year    = "2015",
  journal = "Biophys. J.",
  volume  = "109",
  number  = "8",
  pages   = "1528--1532",
  doi     = "10.1016/j.bpj.2015.08.015",
  
}

@article{2015-gromacs,
  author  = "Abraham, Mark James and Murtola, Teemu and Schulz, Roland and P{\'a}ll, Szil{\'a}rd and Smith, Jeremy C. and Hess, Berk and Lindahl, Erik",
  title   = "{GROMACS:} High performance molecular simulations through multi-level parallelism from laptops to supercomputers",
  year    = "2015",
  journal = "SoftwareX",
  volume  = "1-2",
  number  = "",
  pages   = "19--25",
  doi     = "10.1016/j.softx.2015.06.001",
  
}

@article{2014-moore-coarsegrain,
  author  = "Moore, Timothy C. and Iacovella, Christopher R. and McCabe, Clare",
  title   = "Derivation of coarse-grained potentials via multistate iterative Boltzmann inversion",
  year    = "2014",
  journal = "J. Chem. Phys.",
  volume  = "140",
  number  = "22",
  pages   = "224104",
  doi     = "10.1063/1.4880555",
  
}

@article{2014-forcebalance,
  author  = "Wang, Lee-Ping and Martinez, Todd J. and Pande, Vijay S.",
  title   = "Building Force Fields: An Automatic, Systematic, and Reproducible Approach",
  year    = "2014",
  journal = "J. Phys. Chem. Lett.",
  volume  = "5",
  number  = "11",
  pages   = "1885--1891",
  doi     = "10.1021/jz500737m",
  
}

@article{2014-lipid14,
  author  = "Dickson, Callum J. and Madej, Benjamin D. and Skjevik, {{\AA}}ge A. and Betz, Robin M. and Teigen, Knut and Gould, Ian R. and Walker, Ross C.",
  title   = "Lipid14: The Amber Lipid Force Field",
  year    = "2014",
  journal = "J. Chem. Theory Comput.",
  volume  = "10",
  number  = "2",
  pages   = "865--879",
  doi     = "10.1021/ct4010307",
  
}

@article{2014-scicomp-best-practices,
  author  = "Wilson, Greg and Aruliah, D. A. and Brown, C. Titus and Chue Hong, Neil P. and Davis, Matt and Guy, Richard T. and Haddock, Steven H. D. and Huff, Kathryn D. and Mitchell, Ian M. and Plumbley, Mark D. and Waugh, Ben and White, Ethan P. and Wilson, Paul",
  title   = "Best Practices for Scientific Computing",
  year    = "2014",
  journal = "PLoS Biol.",
  volume  = "12",
  number  = "1",
  pages   = "e1001745",
  doi     = "10.1371/journal.pbio.1001745",
  
}

@proceedings-article{2014-pull-requests,
  author  = "Gousios, Georgios and Pinzger, Martin and Deursen, Arie van",
  title   = "An exploratory study of the pull-based software development model",
  year    = "2014",
  journal = "Proceedings of the 36th International Conference on Software Engineering - ICSE 2014",
  volume  = "",
  number  = "",
  pages   = "",
  doi     = "10.1145/2568225.2568260",
  
}

@article{2013-openmm,
  author  = "Eastman, Peter and Friedrichs, Mark S. and Chodera, John D. and Radmer, Randall J. and Bruns, Christopher M. and Ku, Joy P. and Beauchamp, Kyle A. and Lane, Thomas J. and Wang, Lee-Ping and Shukla, Diwakar and Tye, Tony and Houston, Mike and Stich, Timo and Klein, Christoph and Shirts, Michael R. and Pande, Vijay S.",
  title   = "{OpenMM} 4: A Reusable, Extensible, Hardware Independent Library for High Performance Molecular Simulation",
  year    = "2013",
  journal = "J. Chem. Theory Comput.",
  volume  = "9",
  number  = "1",
  pages   = "461--469",
  doi     = "10.1021/ct300857j",
  
}

@article{2012-jemma,
  author  = "Senne, Martin and Trendelkamp-Schroer, Benjamin and Mey, Antonia S.J.S. and Sch{\"u}tte, Christof and No{\'e}, Frank",
  title   = "{EMMA:} A Software Package for Markov Model Building and Analysis",
  year    = "2012",
  journal = "J. Chem. Theory Comput.",
  volume  = "8",
  number  = "7",
  pages   = "2223--2238",
  doi     = "10.1021/ct300274u",
  
}

@article{2012-amber,
  author  = "G{\"o}tz, Andreas W. and Williamson, Mark J. and Xu, Dong and Poole, Duncan and Le Grand, Scott and Walker, Ross C.",
  title   = "Routine Microsecond Molecular Dynamics Simulations with {AMBER} on {GPUs.} 1. Generalized Born",
  year    = "2012",
  journal = "J. Chem. Theory Comput.",
  volume  = "8",
  number  = "5",
  pages   = "1542--1555",
  doi     = "10.1021/ct200909j",
  
}

@article{1999-ff99,
  author  = "Beauchamp, Kyle A. and Lin, Yu-Shan and Das, Rhiju and Pande, Vijay S.",
  title   = "Are Protein Force Fields Getting Better? A Systematic Benchmark on 524 Diverse {NMR} Measurements",
  year    = "2012",
  journal = "J. Chem. Theory Comput.",
  volume  = "8",
  number  = "4",
  pages   = "1409--1414",
  doi     = "10.1021/ct2007814",
  
}

@article{2011-msmbuilder2,
  author  = "Beauchamp, Kyle A. and Bowman, Gregory R. and Lane, Thomas J. and Maibaum, Lutz and Haque, Imran S. and Pande, Vijay S.",
  title   = "{MSMBuilder2:} Modeling Conformational Dynamics on the Picosecond to Millisecond Scale",
  year    = "2011",
  journal = "J. Chem. Theory Comput.",
  volume  = "7",
  number  = "10",
  pages   = "3412--3419",
  doi     = "10.1021/ct200463m",
  
}

@article{2011-mdanalysis,
  author  = "Michaud-Agrawal, Naveen and Denning, Elizabeth J. and Woolf, Thomas B. and Beckstein, Oliver",
  title   = "{MDAnalysis:} A toolkit for the analysis of molecular dynamics simulations",
  year    = "2011",
  journal = "J. Comput. Chem.",
  volume  = "32",
  number  = "10",
  pages   = "2319--2327",
  doi     = "10.1002/jcc.21787",
  
}

@article{2011-sklearn,
  author  = "Pedregosa, F. and Varoquaux, G. and Gramfort, A. and Michel, V. and Thirion, B. and Grisel, O. and Blondel, M. and Prettenhofer, P. and Weiss, R. and Dubourg, V. and Vanderplas, J. and Passos, A. and Cournapeau, D. and Brucher, M. and Perrot, M. and Duchesnay, E.",
  title   = "Scikit-learn: Machine Learning in Python",
  year    = "2011",
  journal = "J. Mach. Learn. Res.",
  volume  = "12",
  number  = "",
  pages   = "2825--2830",
  doi     = "",
  
}

@article{2010-amoeba,
  author  = "Ponder, Jay W. and Wu, Chuanjie and Ren, Pengyu and Pande, Vijay S. and Chodera, John D. and Schnieders, Michael J. and Haque, Imran and Mobley, David L. and Lambrecht, Daniel S. and DiStasio, Robert A. and Head-Gordon, Martin and Clark, Gary N. I. and Johnson, Margaret E. and Head-Gordon, Teresa",
  title   = "Current Status of the {AMOEBA} Polarizable Force Field",
  year    = "2010",
  journal = "J. Phys. Chem. B",
  volume  = "114",
  number  = "8",
  pages   = "2549--2564",
  doi     = "10.1021/jp910674d",
  
}

@article{2010-charmm27,
  author  = "Bjelkmar, Pär and Larsson, Per and Cuendet, Michel A. and Hess, Berk and Lindahl, Erik",
  title   = "Implementation of the {CHARMM} Force Field in {GROMACS:} Analysis of Protein Stability Effects from Correction Maps, Virtual Interaction Sites, and Water Models",
  year    = "2010",
  journal = "J. Chem. Theory Comput.",
  volume  = "6",
  number  = "2",
  pages   = "459--466",
  doi     = "10.1021/ct900549r",
  
}

@proceedings-article{2010-minibatch-kmeans,
  author  = "Sculley, D.",
  title   = "Web-scale k-means clustering",
  year    = "2010",
  journal = "Proceedings of the 19th international conference on World wide web - WWW '10",
  volume  = "",
  number  = "",
  pages   = "",
  doi     = "10.1145/1772690.1772862",
  
}

@article{2009-msmbuilder1,
  author  = "Bowman, Gregory R. and Huang, Xuhui and Pande, Vijay S.",
  title   = "Using generalized ensemble simulations and Markov state models to identify conformational states",
  year    = "2009",
  journal = "Methods",
  volume  = "49",
  number  = "2",
  pages   = "197--201",
  doi     = "10.1016/j.ymeth.2009.04.013",
  
}

@proceedings-article{2009-anton,
  author  = "Shaw, David E. and Bowers, Kevin J. and Chow, Edmond and Eastwood, Michael P. and Ierardi, Douglas J. and Klepeis, John L. and Kuskin, Jeffrey S. and Larson, Richard H. and Lindorff-Larsen, Kresten and Maragakis, Paul and Moraes, Mark A. and Dror, Ron O. and Piana, Stefano and Shan, Yibing and Towles, Brian and Salmon, John K. and Grossman, J. P. and Mackenzie, Kenneth M. and Bank, Joseph A. and Young, Cliff and Deneroff, Martin M. and Batson, Brannon",
  title   = "Millisecond-scale molecular dynamics simulations on Anton",
  year    = "2009",
  journal = "Proceedings of the Conference on High Performance Computing Networking, Storage and Analysis - SC '09",
  volume  = "",
  number  = "",
  pages   = "",
  doi     = "10.1145/1654059.1654126",
  
}

@article{2007-scalar-coupling,
  author  = "V{\"o}geli, Beat and Ying, Jinfa and Grishaev, Alexander and Bax, Ad",
  title   = "Limits on Variations in Protein Backbone Dynamics from Precise Measurements of Scalar Couplings",
  year    = "2007",
  journal = "JACS",
  volume  = "129",
  number  = "30",
  pages   = "9377--9385",
  doi     = "10.1021/ja070324o",
  
}

@article{2007-ipython,
  author  = "Perez, Fernando and Granger, Brian E.",
  title   = "{IPython:} A System for Interactive Scientific Computing",
  year    = "2007",
  journal = "Comput. Sci. Eng.",
  volume  = "9",
  number  = "3",
  pages   = "21--29",
  doi     = "10.1109/MCSE.2007.53",
  
}

@proceedings-article{2006-bowers-cluster,
  author  = "Bowers, Kevin and Chow, Edmond and Xu, Huafeng and Dror, Ron and Eastwood, Michael and Gregersen, Brent and Klepeis, John and Kolossvary, Istvan and Moraes, Mark and Sacerdoti, Federico and Salmon, John and Shan, Yibing and Shaw, David",
  title   = "Scalable Algorithms for Molecular Dynamics Simulations on Commodity Clusters",
  year    = "2006",
  journal = "ACM/IEEE SC 2006 Conference (SC'06)",
  volume  = "",
  number  = "",
  pages   = "",
  doi     = "10.1109/SC.2006.54",
  
}

@article{2005-tip4p,
  author  = "Abascal, J. L. F. and Vega, C.",
  title   = "A general purpose model for the condensed phases of water: {TIP4P/2005}",
  year    = "2005",
  journal = "J. Chem. Phys.",
  volume  = "123",
  number  = "23",
  pages   = "234505",
  doi     = "10.1063/1.2121687",
  
}

@article{2005-namd,
  author  = "Phillips, James C. and Braun, Rosemary and Wang, Wei and Gumbart, James and Tajkhorshid, Emad and Villa, Elizabeth and Chipot, Christophe and Skeel, Robert D. and Kal{\'e}, Laxmikant and Schulten, Klaus",
  title   = "Scalable molecular dynamics with {NAMD}",
  year    = "2005",
  journal = "J. Comput. Chem.",
  volume  = "26",
  number  = "16",
  pages   = "1781--1802",
  doi     = "10.1002/jcc.20289",
  
}

@article{2004-charmm27,
  author  = "Mackerell, Alexander D. and Feig, Michael and Brooks, Charles L.",
  title   = "Extending the treatment of backbone energetics in protein force fields: Limitations of gas-phase quantum mechanics in reproducing protein conformational distributions in molecular dynamics simulations",
  year    = "2004",
  journal = "J. Comput. Chem.",
  volume  = "25",
  number  = "11",
  pages   = "1400--1415",
  doi     = "10.1002/jcc.20065",
  
}

@article{2004-gaff,
  author  = "Wang, Junmei and Wolf, Romain M. and Caldwell, James W. and Kollman, Peter A. and Case, David A.",
  title   = "Development and testing of a general amber force field",
  year    = "2004",
  journal = "J. Comput. Chem.",
  volume  = "25",
  number  = "9",
  pages   = "1157--1174",
  doi     = "10.1002/jcc.20035",
  
}

@article{2003-drude-particles,
  author  = "Lamoureux, Guillaume and Roux, Beno{{\i}}̂t",
  title   = "Modeling induced polarization with classical Drude oscillators: Theory and molecular dynamics simulation algorithm",
  year    = "2003",
  journal = "J. Chem. Phys.",
  volume  = "119",
  number  = "6",
  pages   = "3025--3039",
  doi     = "10.1063/1.1589749",
  
}

@article{1996-vmd,
  author  = "Humphrey, William and Dalke, Andrew and Schulten, Klaus",
  title   = "{VMD:} Visual molecular dynamics",
  year    = "1996",
  journal = "J. Mol. Graph.",
  volume  = "14",
  number  = "1",
  pages   = "33--38",
  doi     = "10.1016/0263-7855(96)00018-5",
  
}

@article{1995-stride,
  author  = "Frishman, Dmitrij and Argos, Patrick",
  title   = "Knowledge-based protein secondary structure assignment",
  year    = "1995",
  journal = "Proteins: Structure, Function, and Genetics",
  volume  = "23",
  number  = "4",
  pages   = "566--579",
  doi     = "10.1002/prot.340230412",
  
}

@article{1995-plimpton,
  author  = "Plimpton, Steve",
  title   = "Fast Parallel Algorithms for Short-Range Molecular Dynamics",
  year    = "1995",
  journal = "J. Comput. Phys.",
  volume  = "117",
  number  = "1",
  pages   = "1--19",
  doi     = "10.1006/jcph.1995.1039",
  
}

@article{1992-wham,
  author  = "Kumar, Shankar and Rosenberg, John M. and Bouzida, Djamal and Swendsen, Robert H. and Kollman, Peter A.",
  title   = "{THE} weighted histogram analysis method for free-energy calculations on biomolecules. I. The method",
  year    = "1992",
  journal = "J. Comput. Chem.",
  volume  = "13",
  number  = "8",
  pages   = "1011--1021",
  doi     = "10.1002/jcc.540130812",
  
}

@book{1989-computer-simulation-of-liquids,
  author  = "Allen, M. P. and Tildesley, D. J.",
  title   = "Computer Simulation of Liquids",
  year    = "1989",
  
  volume  = "",
  number  = "",
  pages   = "",
  doi     = "",
  
}

@article{1987-minimization,
  author  = "Ponder, Jay W. and Richards, Frederic M.",
  title   = "An efficient newton-like method for molecular mechanics energy minimization of large molecules",
  year    = "1987",
  journal = "J. Comput. Chem.",
  volume  = "8",
  number  = "7",
  pages   = "1016--1024",
  doi     = "10.1002/jcc.540080710",
  
}

@article{1984-baker-hubbard,
  author  = "Baker, E.N. and Hubbard, R.E.",
  title   = "Hydrogen bonding in globular proteins",
  year    = "1984",
  journal = "Prog. Biophys. Mol. Biol.",
  volume  = "44",
  number  = "2",
  pages   = "97--179",
  doi     = "10.1016/0079-6107(84)90007-5",
  
}

@article{1983-charmm,
  author  = "Brooks, Bernard R. and Bruccoleri, Robert E. and Olafson, Barry D. and States, David J. and Swaminathan, S. and Karplus, Martin",
  title   = "{CHARMM:} A program for macromolecular energy, minimization, and dynamics calculations",
  year    = "1983",
  journal = "J. Comput. Chem.",
  volume  = "4",
  number  = "2",
  pages   = "187--217",
  doi     = "10.1002/jcc.540040211",
  
}

@article{1973-shrake-rupley,
  author  = "Shrake, A. and Rupley, J.A.",
  title   = "Environment and exposure to solvent of protein atoms. Lysozyme and insulin",
  year    = "1973",
  journal = "J. Mol. Biol.",
  volume  = "79",
  number  = "2",
  pages   = "351--371",
  doi     = "10.1016/0022-2836(73)90011-9",
  
}


