

@article{2016-trek2,
  author  = "Harrigan, Matthew P. and McKiernan, Keri A. and Shanmugasundaram, Veerabahu and Denny, Rajiah Aldrin and Pande, Vijay S.",
  title   = "Markov modeling reveals novel intracellular modulation of the human {TREK}-2 selectivity filter",
  year    = "2017",
  journal = "Sci. Rep.",
  volume  = "7",
  number  = "1",
  pages   = "",
  doi     = "10.1038/s41598-017-00256-y",
  
}

@article{2016-kratochvil-soft-knock,
  author  = "Kratochvil, Huong T. and Carr, Joshua K. and Matulef, Kimberly and Annen, Alvin W. and Li, Hui and Maj, Michał and Ostmeyer, Jared and Serrano, Arnaldo L. and Raghuraman, H. and Moran, Sean D. and Skinner, J. L. and Perozo, Eduardo and Roux, Beno{\^\i}t and Valiyaveetil, Francis I. and Zanni, Martin T.",
  title   = "Instantaneous ion configurations in the K+ion channel selectivity filter revealed by {2D} {IR} spectroscopy",
  year    = "2016",
  journal = "Science",
  volume  = "353",
  number  = "6303",
  pages   = "1040--1044",
  doi     = "10.1126/science.aag1447",
  
}

@article{mcclenaghan2016polymodal,
  author  = "McClenaghan, Conor and Schewe, Marcus and Aryal, Prafulla and Carpenter, Elisabeth P. and Baukrowitz, Thomas and Tucker, Stephen J.",
  title   = "Polymodal activation of the {TREK}-2 {K2P} channel produces structurally distinct open states",
  year    = "2016",
  journal = "J. Gen. Physiol.",
  volume  = "147",
  number  = "6",
  pages   = "497--505",
  doi     = "10.1085/jgp.201611601",
  
}

@article{2016-melcr-membrane-compare,
  author  = "Melcr, Josef and Bonhenry, Daniel and Timr, Štěp{\'a}n and Jungwirth, Pavel",
  title   = "Transmembrane Potential Modeling: Comparison between Methods of Constant Electric Field and Ion Imbalance",
  year    = "2016",
  journal = "J. Chem. Theory Comput.",
  volume  = "12",
  number  = "5",
  pages   = "2418--2425",
  doi     = "10.1021/acs.jctc.5b01202",
  
}

@article{ren2016allosteric,
  author  = "Zhuo, Ren-Gong and Peng, Peng and Liu, Xiao-Yan and Yan, Hai-Tao and Xu, Jiang-Ping and Zheng, Jian-Quan and Wei, Xiao-Li and Ma, Xiao-Yun",
  title   = "Allosteric coupling between proximal C-terminus and selectivity filter is facilitated by the movement of transmembrane segment 4 in {TREK}-2 channel",
  year    = "2016",
  journal = "Sci. Rep.",
  volume  = "6",
  number  = "1",
  pages   = "",
  doi     = "10.1038/srep21248",
  
}

@article{schewe2016non,
  author  = "Schewe, Marcus and Nematian-Ardestani, Ehsan and Sun, Han and Musinszki, Marianne and Cordeiro, S{\"o}nke and Bucci, Giovanna and de~Groot, Bert~L. and Tucker, Stephen~J. and Rapedius, Markus and Baukrowitz, Thomas",
  title   = "A Non-canonical Voltage-Sensing Mechanism Controls Gating in {K2P} K+ Channels",
  year    = "2016",
  journal = "Cell",
  volume  = "164",
  number  = "5",
  pages   = "937--949",
  doi     = "10.1016/j.cell.2016.02.002",
  
}

@article{2015-carpenter-structures,
  author  = "Dong, Y. Y. and Pike, A. C. W. and Mackenzie, A. and McClenaghan, C. and Aryal, P. and Dong, L. and Quigley, A. and Grieben, M. and Goubin, S. and Mukhopadhyay, S. and Ruda, G. F. and Clausen, M. V. and Cao, L. and Brennan, P. E. and Burgess-Brown, N. A. and Sansom, M. S. P. and Tucker, S. J. and Carpenter, E. P.",
  title   = "{K2P} channel gating mechanisms revealed by structures of {TREK}-2 and a complex with Prozac",
  year    = "2015",
  journal = "Science",
  volume  = "347",
  number  = "6227",
  pages   = "1256--1259",
  doi     = "10.1126/science.1261512",
  
}

@article{rapedius2012state,
  author  = "Rapedius, Markus and Schmidt, Matthias R. and Sharma, Chetan and Stansfeld, Phillip J. and Sansom, Mark S.P. and Baukrowitz, Thomas and Tucker, Stephen J.",
  title   = "State-independent intracellular access of quaternary ammonium blockers to the pore of {TREK}-1",
  year    = "2014",
  journal = "Channels",
  volume  = "6",
  number  = "6",
  pages   = "473--478",
  doi     = "10.4161/chan.22153",
  
}

@article{noel2011molecular,
  author  = "No{\"e}l, Jacques and Sandoz, Guillaume and Lesage, Florian",
  title   = "Molecular regulations governing {TREK} and {TRAAK} channel functions",
  year    = "2014",
  journal = "Channels",
  volume  = "5",
  number  = "5",
  pages   = "402--409",
  doi     = "10.4161/chan.5.5.16469",
  
}

@article{hummer2014potassium,
  author  = "Hummer, G.",
  title   = "Potassium ions line up",
  year    = "2014",
  journal = "Science",
  volume  = "346",
  number  = "6207",
  pages   = "303--303",
  doi     = "10.1126/science.1260555",
  
}

@article{2014-kopfer-hard-knock,
  author  = "Kopfer, D. A. and Song, C. and Gruene, T. and Sheldrick, G. M. and Zachariae, U. and de Groot, B. L.",
  title   = "Ion permeation in K+ channels occurs by direct Coulomb knock-on",
  year    = "2014",
  journal = "Science",
  volume  = "346",
  number  = "6207",
  pages   = "352--355",
  doi     = "10.1126/science.1254840",
  
}

@article{aryal2014hydrophobic,
  author  = "Aryal, Prafulla and Abd-Wahab, Firdaus and Bucci, Giovanna and Sansom, Mark S. P. and Tucker, Stephen J.",
  title   = "A hydrophobic barrier deep within the inner pore of the {TWIK}-1 {K2P} potassium channel",
  year    = "2014",
  journal = "Nat. Commun.",
  volume  = "5",
  number  = "",
  pages   = "",
  doi     = "10.1038/ncomms5377",
  
}

@article{2012-roux-efield,
  author  = "Gumbart, James and Khalili-Araghi, Fatemeh and Sotomayor, Marcos and Roux, Beno{\^\i}t",
  title   = "Constant electric field simulations of the membrane potential illustrated with simple systems",
  year    = "2012",
  journal = "Biochimica et Biophysica Acta (BBA) - Biomembranes",
  volume  = "1818",
  number  = "2",
  pages   = "294--302",
  doi     = "10.1016/j.bbamem.2011.09.030",
  
}

@article{piechotta2011pore,
  author  = "Piechotta, Paula L and Rapedius, Markus and Stansfeld, Phillip J and Bollepalli, Murali K and Erhlich, Gunter and Andres-Enguix, Isabelle and Fritzenschaft, Hariolf and Decher, Niels and Sansom, Mark S P and Tucker, Stephen J and Baukrowitz, Thomas",
  title   = "The pore structure and gating mechanism of {K2P} channels",
  year    = "2011",
  journal = "EMBO J.",
  volume  = "30",
  number  = "17",
  pages   = "3607--3619",
  doi     = "10.1038/emboj.2011.268",
  
}

@article{2011-kutzner-double-membrane,
  author  = "Kutzner, Carsten and Grubm{\"u}ller, Helmut and de~Groot, Bert~L. and Zachariae, Ulrich",
  title   = "Computational Electrophysiology: The Molecular Dynamics of Ion Channel Permeation and Selectivity in Atomistic Detail",
  year    = "2011",
  journal = "Biophys. J.",
  volume  = "101",
  number  = "4",
  pages   = "809--817",
  doi     = "doi:10.1016/j.bpj.2011.06.010",
  
}

@article{bagriantsev2011multiple,
  author  = "Bagriantsev, Sviatoslav N and Peyronnet, R{\'e}mi and Clark, Kimberly A and Honor{\'e}, Eric and Minor, Daniel L",
  title   = "Multiple modalities converge on a common gate to control {K2Pchannel} function",
  year    = "2011",
  journal = "EMBO J.",
  volume  = "30",
  number  = "17",
  pages   = "3594--3606",
  doi     = "10.1038/emboj.2011.230",
  
}

@article{cuello2010structural,
  author  = "Cuello, Luis G. and Jogini, Vishwanath and Cortes, D. Marien and Perozo, Eduardo",
  title   = "Structural mechanism of C-type inactivation in K+ channels",
  year    = "2010",
  journal = "Nature",
  volume  = "466",
  number  = "7303",
  pages   = "203--208",
  doi     = "10.1038/nature09153",
  
}

@article{clarke2010domain,
  author  = "Clarke, Oliver B. and Caputo, Alessandro T. and Hill, Adam P. and Vandenberg, Jamie I. and Smith, Brian J. and Gulbis, Jacqueline M.",
  title   = "Domain Reorientation and Rotation of an Intracellular Assembly Regulate Conduction in Kir Potassium Channels",
  year    = "2010",
  journal = "Cell",
  volume  = "141",
  number  = "6",
  pages   = "1018--1029",
  doi     = "10.1016/j.cell.2010.05.003",
  
}

@article{2010-k2p-review,
  author  = "Enyedi, P. and Czirjak, G.",
  title   = "Molecular Background of Leak K+ Currents: Two-Pore Domain Potassium Channels",
  year    = "2010",
  journal = "Physiol. Rev.",
  volume  = "90",
  number  = "2",
  pages   = "559--605",
  doi     = "10.1152/physrev.00029.2009",
  
}

@article{jensen2010principles,
  author  = "Jensen, M. O. and Borhani, D. W. and Lindorff-Larsen, K. and Maragakis, P. and Jogini, V. and Eastwood, M. P. and Dror, R. O. and Shaw, D. E.",
  title   = "Principles of conduction and hydrophobic gating in K+ channels",
  year    = "2010",
  journal = "Proc. Natl. Acad. Sci. U.S.A.",
  volume  = "107",
  number  = "13",
  pages   = "5833--5838",
  doi     = "10.1073/pnas.0911691107",
  
}

@book-chapter{goldstein2001potassium,
  author  = "Thomas, D. and Goldstein, S.A.N.",
  title   = "Two-P-Domain {(K2P)} Potassium Channels: Leak Conductance Regulators of Excitability",
  year    = "2009",
  journal = "Encyclopedia of Neuroscience",
  volume  = "",
  number  = "",
  pages   = "1207--1220",
  doi     = "10.1016/b978-008045046-9.01636-3",
  
}

@article{2008-roux-efield,
  author  = "Roux, Beno{\^\i}t",
  title   = "The Membrane Potential and its Representation by a Constant Electric Field in Computer Simulations",
  year    = "2008",
  journal = "Biophys. J.",
  volume  = "95",
  number  = "9",
  pages   = "4205--4216",
  doi     = "10.1529/biophysj.108.136499",
  
}

@article{2004-pmf,
  author  = "Park, Sanghyun and Schulten, Klaus",
  title   = "Calculating potentials of mean force from steered molecular dynamics simulations",
  year    = "2004",
  journal = "J. Chem. Phys.",
  volume  = "120",
  number  = "13",
  pages   = "5946--5961",
  doi     = "10.1063/1.1651473",
  
}

@article{lesage2000human,
  author  = "Lesage, Florian and Terrenoire, C{\'e}cile and Romey, Georges and Lazdunski, Michel",
  title   = "Human {TREK2,} a {2P} Domain Mechano-sensitive {K+Channel} with Multiple Regulations by Polyunsaturated Fatty Acids, Lysophospholipids, and Gs, Gi, and {GqProtein}-coupled Receptors",
  year    = "2000",
  journal = "J. Biol. Chem.",
  volume  = "275",
  number  = "37",
  pages   = "28398--28405",
  doi     = "10.1074/jbc.m002822200",
  
}

@article{2000-roux-kcsa-md,
  author  = "Bern{\`e}che, Simon and Roux, Beno{\^\i}t",
  title   = "Molecular Dynamics of the {KcsA} K+ Channel in a Bilayer Membrane",
  year    = "2000",
  journal = "Biophys. J.",
  volume  = "78",
  number  = "6",
  pages   = "2900--2917",
  doi     = "10.1016/S0006-3495(00)76831-7",
  
}

@article{hoshi1991two,
  author  = "Hoshi, Toshinori and Zagotta, William N. and Aldrich, Richard W.",
  title   = "Two types of inactivation in Shaker K+ channels: Effects of alterations in the carboxy-terminal region",
  year    = "1991",
  journal = "Neuron",
  volume  = "7",
  number  = "4",
  pages   = "547--556",
  doi     = "10.1016/0896-6273(91)90367-9",
  
}

@article{maier2015ff14sb,
  author  = "Maier, James A and Martinez, Carmenza and Kasavajhala, Koushik and Wickstrom, Lauren and Hauser, Kevin E and Simmerling, Carlos",
  title   = "{ff14SB:} improving the accuracy of protein side chain and backbone parameters from {ff99SB}",
  journal = "J. Chem. Theory Comput.",
  volume  = "11",
  number  = "",
  pages   = "3696--3713",
  doi     = "",
  
}

@article{pettersen2004ucsf,
  author  = "Pettersen, Eric F and Goddard, Thomas D and Huang, Conrad C and Couch, Gregory S and Greenblatt, Daniel M and Meng, Elaine C and Ferrin, Thomas E",
  title   = "{UCSF} Chimera-a visualization system for exploratory research and analysis",
  journal = "J. Comput. Chem.",
  volume  = "25",
  number  = "",
  pages   = "1605--1612",
  doi     = "",
  
}

@article{case2014amber,
  author  = "Case, DA and Babin, V and Berryman, Josh and Betz, RM and Cai, Q and Cerutti, DS and Cheatham Iii, TE and Darden, TA and Duke, RE and Gohlke, H",
  title   = "Amber 14",
  
  volume  = "",
  number  = "",
  pages   = "",
  doi     = "",
  
}

@article{hodgkin1955potassium,
  author  = "Hodgkin, A. L. and Keynes, R. D.",
  title   = "The potassium permeability of a giant nerve fibre",
  year    = "1955",
  journal = "J. Physiol. (Lond.)",
  volume  = "128",
  number  = "1",
  pages   = "61--88",
  doi     = "10.1113/jphysiol.1955.sp005291",
  
}


